2990 4986
642 343 887 416 „28-

217 555 278 608 est:
308 545 390 624 „Sed
419 551 450 606 et
469 541 570 619 multa,
601 552 635 606 ut
657 543 796 622 diximus,
831 543 887 606 alia
909 543 952 606 de
969 542 1111 624 operibns
1132 543 1229 607 sancti
1248 543 1317 606 lla-

217 658 292 720 carii
312 654 509 720 Alexandrini
531 654 675 718 mirabilia
696 654 846 734 feruntur,
868 673 908 717 ex
930 654 1038 734 quibus
1060 655 1200 718 nonnulla
1222 655 1253 717 in
1275 655 1317 718 Xl

216 766 294 828 libro
323 765 544 830 ecclesiasticae
576 765 729 842 historiae,
763 767 814 846 qui
843 765 982 846 requirit,
1015 765 1171 827 inveniet“
1185 763 1225 848 ¹).
1269 767 1316 829 En

217 887 349 958 apertam
382 876 590 959 allegationem
612 875 857 955 Continuationis,
887 895 974 956 quarn
1004 876 1040 939 ad
1069 894 1160 955 opera
1193 877 1317 939 Eusebii

217 989 341 1052 Rufinus
361 989 534 1068 scripserat.
576 985 681 1066 Neque
705 1006 781 1050 vero
802 987 868 1050 talis
891 986 1078 1066 parenthesis
1100 1006 1116 1048 a
1137 987 1243 1049 Rufino
1265 988 1317 1050 in-

217 1107 351 1180 terprete
373 1099 467 1164 textui
489 1098 603 1160 adiecta
624 1097 763 1175 offendat,
786 1115 876 1178 quum
898 1097 1023 1159 Rufinus
1052 1099 1083 1160 in
1111 1098 1316 1178 interpretan-

217 1210 263 1274 dis
284 1210 370 1272 libris
391 1210 518 1270 maxima
540 1225 608 1269 cum
628 1207 766 1272 libertate
788 1209 905 1271 versari
931 1207 1035 1270 soleat.
1080 1207 1128 1271 Ad
1151 1206 1316 1271 Continua-

216 1322 329 1383 tionem
351 1328 451 1383 autem
470 1319 557 1381 istam
589 1327 752 1398 provocat,
786 1319 816 1380 in
844 1337 902 1400 qua
934 1320 1098 1399 scripserat
1125 1318 1164 1381 de
1185 1319 1316 1383 Macerio

217 1433 351 1512 haecque
379 1431 473 1494 verba
496 1429 665 1492 addiderat:
700 1430 836 1509 „Verum
869 1430 896 1493 si
924 1429 1111 1510 singulorum
1126 1429 1316 1492 ¹mirabilium

218 1551 304 1624 gesta
334 1539 374 1623 (a
405 1539 536 1606 Macerio
570 1537 706 1621 scilicet)
735 1539 877 1619 prosequi
906 1539 1049 1617 velimus,
1079 1540 1267 1604 excludimur
1299 1559 1317 1602 a

217 1653 370 1732 proposita
390 1651 554 1732 brevitate,
576 1652 704 1713 maxime
726 1669 818 1730 quum
840 1652 1041 1714 narrationem
1071 1653 1184 1732 proprii
1215 1652 1316 1732 operis

217 1760 465 1846 mereantur“2).
488 1763 535 1826 Ad
547 1781 582 1826 ea
603 1763 696 1844 igitur
712 1763 815 1841 verba,
835 1763 906 1844 quin
922 1763 972 1825 ille
993 1763 1077 1825 locus
1099 1763 1169 1824 libri
1189 1763 1315 1826 secundi

215 1875 365 1955 respiciat,
387 1873 516 1936 dubitari
537 1874 650 1953 nequit.
694 1873 809 1952 Neque,
842 1891 933 1954 quum
956 1874 1124 1954 scripserit:
1157 1883 1212 1954 „ut
1234 1875 1316 1938 dixi·-

216 1989 313 2065 mus“,
336 1986 513 2050 dubitationi
534 1986 619 2048 locus
641 1985 831 2065 relinquitur,
854 1986 992 2048 Rufinum
1014 1996 1047 2050 ut
1067 1985 1315 2073 Continuationis,

213 2099 255 2160 ita
277 2107 307 2161 et
326 2097 406 2160 illius
427 2097 489 2160 loci
509 2097 579 2158 libri
608 2096 733 2158 secundi
761 2114 829 2158 esse
860 2097 1057 2176 scriptorem,
1091 2097 1185 2176 ipsius
1216 2106 1315 2161 autem

214 2207 285 2270 libri
306 2208 430 2270 secundi
452 2208 478 2270 si
500 2225 561 2270 non
583 2207 773 2286 scriptorem,
795 2216 894 2270 tamen
916 2207 1122 2287 interpretem.

300 2319 387 2393 Quod
417 2319 454 2384 de
485 2319 555 2381 libri
584 2318 671 2382 istius
703 2319 870 2396 interprete
903 2317 1137 2396 disputavimus,
1169 2315 1313 2396 praefatio

214 2448 334 2510 qnoque
353 2428 466 2514 libri³)
487 2431 592 2494 saltem
615 2429 802 2510 aliquatenus
831 2429 1029 2509 comprobare
1058 2426 1188 2514 videtur.
1231 2429 1315 2502 Quae

214 2561 325 2625 graece
346 2542 392 2604 bis
413 2543 550 2620 habetur,
572 2541 655 2604 etin
679 2539 872 2618 „l'aradiso“,
895 2539 981 2602 euius
1003 2537 1170 2620 fragmenta
1190 2538 1313 2602 Cotele-

72 2635 95 2710 s
213 2655 278 2718 rius
296 2650 330 2734 ⁴)
363 2636 472 2730 edidit,
506 2661 536 2716 et
564 2653 595 2714 in
617 2651 719 2731 priore
735 2647 766 2733 ⁵)
789 2651 943 2730 prooemio
964 2651 1152 2714 Menrsianae
1174 2651 1312 2714 editionis

213 2765 386 2828 lausiacae.
430 2764 532 2844 Atque
554 2763 633 2826 edita
654 2762 787 2824 Paradisi
809 2761 992 2843 fragmenta,
1024 2764 1103 2844 inter
1126 2781 1202 2842 quae
1223 2763 1311 2825 etiam

215 2874 371 2957 praefatio,
393 2875 464 2936 satis
486 2881 625 2936 accurate
647 2891 715 2934 cum
729 2869 806 2934 libro
827 2873 959 2936 secundo
975 2875 1167 2939 conveniunt.
1203 2873 1313 2938 Contra

215 3006 231 3048 a
253 2985 408 3066 prooemio
431 2985 488 3045 isto
510 2983 699 3044 Meursianae
722 2981 860 3044 editionis
884 2985 1171 3064 praelatiolaradisi
1193 2993 1224 3048 et
1244 2985 1315 3047 libri

213 3097 338 3162 secundi
370 3095 453 3158 hisce
469 3119 470 3125 ¹
486 3095 629 3176 gravibus
664 3095 809 3173 capitibus
837 3095 945 3159 differt.
989 3097 1045 3159 Ubi
1075 3098 1154 3160 enim
1182 3097 1314 3177 scriptor

212 3207 360 3290 prooemii
382 3223 416 3268 se
437 3214 547 3288 rogatu
560 3205 652 3268 Lausi·
671 3208 832 3286 praepositi
851 3207 1010 3288 scripsisse
1032 3209 1082 3288 ait,
1105 3209 1146 3272 ibi
1167 3207 1313 3290 praefatio

213 3321 263 3384 illa
285 3319 464 3398 scriptorem
487 3317 686 3400 „ingratiam
709 3319 834 3385 fratrum
857 3321 888 3381 in
916 3326 1018 3381 monte
1041 3319 1151 3382 Oliveti
1179 3337 1314 3382 comma·

213 3430 368 3493 nentium‘
401 3429 537 3494 scribere
567 3431 713 3510 perhibet.
757 3431 874 3494 Rursus
896 3430 1042 3510 prooemii
1070 3431 1201 3510 scriptor
1223 3429 1314 3508 addit,

213 3558 248 3604 se
270 3524 300 3602 et
322 3541 359 3602 de
389 3541 562 3604 mulieribus
592 3542 758 3620 dicturum,
792 3539 873 3621 quod
902 3549 1000 3604 autern
1033 3541 1177 3620 praefatio
1199 3543 1315 3618 omisit;

212 3669 312 3732 neque
333 3651 410 3713 libro
432 3652 565 3714 secundo
588 3652 625 3714 de
647 3653 822 3715 mulieribus
834 3651 995 3732 quidquam
1017 3651 1198 3726 continetur.
1222 3651 1314 3715 Oete-

212 3782 280 3828 rum
302 3761 515 3843 praefationem
538 3765 616 3828 inter
638 3773 668 3828 et
689 3764 876 3845 prooemium
905 3763 985 3828 istud
1015 3764 1147 3828 intimam
1176 3763 1316 3828 uecessi-

141 4014 142 4024 ,
241 3967 269 4032 1)
289 3967 350 4020 vv,
371 3967 422 4016 ra.
444 3965 534 4020 aosw.
556 3965 716 4029 ttb.11,29
738 3983 763 4033 p.
786 3963 852 4030 482,
874 3969 900 4018 2.

241 4058 272 4120 2)
294 4057 359 4109 Hist.
381 4057 453 4110 Eccl.
474 4058 560 4116 Rufin.
582 4059 628 4110 lib.
650 4059 682 4123 X,
703 4057 722 4113 4
742 4060 783 4116 ed.
804 4059 822 4111 l.
845 4075 870 4126 p.
894 4057 959 4117 243.

240 4144 273 4211 3)
291 4148 354 4199 VV.
375 4151 427 4198 Pl’.
450 4148 539 4201 liosw.
561 4163 587 4214 p.
611 4146 678 4202 548.

242 4229 272 4298 lt)
293 4235 361 4285 bion.
383 4235 455 4291 Eccl.
477 4233 566 4291 Graec.
587 4235 605 4289 l.
626 4235 644 4286 l.
686 4234 753 4302 0pp.
776 4238 869 4294 bleurs.
890 4239 906 4296 1.
927 4239 945 4295 1.
966 4255 991 4305 p.
1012 4237 1068 4292 6³9
1089 4253 1146 4308 sqq.

241 4323 271 4387 5)
293 4321 359 4389 Opp.
382 4325 475 4380 lleurs.
496 4325 513 4376 1.
536 4324 553 4380 l.
574 4342 599 4392 p.
619 4326 674 4380 333
697 4341 752 4394 sqq.
