2990 4986
590 321 833 394 „25-

161 541 259 606 'paene
270 524 308 586 ad
322 523 448 590 verbum
464 529 555 586 extat.
572 519 602 604 ¹)
625 521 685 586 Sed
706 522 923 601 unumlocum‚
946 539 1005 602 quo
1022 521 1099 584 liber
1114 521 1265 584 secundus

164 644 387 712 commemorat,
399 641 514 713 septem
525 632 612 695 simul
624 631 733 695 fratres
745 632 934 694 adJoannem
946 628 1120 714 venisse²),
1134 633 1266 712 scriptor

163 743 251 808 huius
265 745 370 825 capitis
382 743 705 806 Lausiacaecorrexit:
731 743 931 822 „seprimum
943 742 1266 823 sexposteaJoannem

163 853 272 916 adiisse
303 873 337 916 ac
367 855 424 916 sibi
454 853 491 916 de
521 860 605 915 sorte
626 870 681 916 sua
709 851 810 914 futura
836 871 853 914 a
875 852 990 915 Joanne
1010 853 1093 914 varia
1114 853 1267 932 praedicta

164 967 262 1028 esse.“
275 963 308 1047 ³)
331 966 416 1040 Quae
437 964 588 1045 praedicta
598 963 648 1026 ‘de
659 963 790 1026 Palladio
812 963 921 1026 valent.
944 963 1028 1026 Unde
1051 973 1185 1043 apertum
1208 971 1264 1041 est,

165 1073 328 1136 Palladium
358 1075 454 1154 ipsum
476 1074 549 1136 illud
578 1083 666 1153 caput
694 1074 763 1136 libri
790 1074 914 1136 secundi
943 1081 1109 1137 mutuatum
1141 1092 1220 1153 esse,
1248 1093 1266 1138 e

165 1185 229 1248 suis
250 1203 325 1246 vero
347 1184 406 1261 illa,
429 1201 505 1264 quae
527 1184 728 1248 visitationem
746 1183 871 1248 loannis
894 1185 1065 1247 accuratius
1087 1203 1122 1248 ac
1143 1185 1267 1248 uberius

164 1295 325 1374 explicent,
348 1294 508 1358 addidisse.
553 1294 627 1358 Nam
650 1295 738 1358 etiam
760 1295 829 1356 libri
851 1295 977 1360 secundi
996 1303 1084 1376 caput
1103 1294 1268 1358 deJoanne

162 1407 193 1468 in
216 1406 297 1486 Lyco
320 1405 485 1486 genuinum
508 1423 578 1486 esse
599 1407 800 1489 Hieronymus
824 1403 1006 1489 testatur.⁴)

249 1515 301 1580 Sin
324 1525 423 1580 autem
445 1517 593 1580 Palladius
616 1535 709 1580 unum
731 1527 820 1596 caput
847 1517 916 1579 libri
943 1516 1067 1581 secundi
1096 1517 1168 1580 setis
1195 1516 1267 1578 lon·

162 1645 235 1709 gum
257 1627 288 1688 in
310 1625 385 1690 llist.
408 1626 688 1712 Lausiacamsuam
710 1627 878 1706 transtulit,
902 1628 972 1707 quid
996 1627 1110 1707 obstat,
1140 1627 1212 1708 quin
1235 1634 1267 1688 et

163 1745 265 1800 cetera
287 1737 399 1816 capita,
428 1755 506 1816 quac
532 1739 654 1818 utrique
683 1738 762 1802 libro
776 1739 953 1824 xcommunia
975 1748 1062 1816 sunt,
1095 1738 1131 1800 ab
1160 1737 1266 1800 eodem

162 1844 238 1910 Hist.
260 1848 422 1910 Lausiacae
443 1848 557 1910 intexta
585 1867 653 1912 esse
676 1849 820 1928 dicamus,
853 1850 1024 1930 praecipue,
1053 1867 1145 1928 quum
1167 1847 1266 1910 Palla-

163 1957 242 2036 dius,
264 1966 298 2020 ut
319 1956 425 2020 saltem
439 1975 456 2018 e
472 1958 568 2037 capite
579 1959 617 2020 de
631 1959 748 2022 Joanne
762 1961 841 2022 haud
856 1960 945 2022 dubie
962 1967 1086 2035 constat,
1109 1959 1267 2038 scriptoris

163 2066 235 2128 libri
257 2068 382 2130 secundi
402 2069 433 2130 in
455 2069 563 2132 itinere
585 2071 686 2134 socius
709 2071 810 2151 luerit,
833 2087 961 2151 quocum
979 2089 1038 2134 una
1050 2069 1266 2150 Hierosolymis

162 2187 298 2242 venerat.

248 2289 332 2372 Ergo
354 2291 508 2371 probabile
529 2300 589 2370 est,
612 2291 784 2370 Palladium,
806 2309 897 2372 quum
913 2291 1085 2356 Luusiacam
1108 2290 1267 2371 scriberet,

160 2399 258 2479 capita
279 2401 329 2464 illa
351 2401 389 2465 de
411 2403 535 2466 senibus
550 2402 710 2466 Thebaidis
732 2421 749 2465 e
771 2403 850 2465 libro
868 2403 1000 2466 secundo
1022 2402 1054 2464 in
1074 2419 1141 2464 eam
1162 2409 1266 2464 trans-

159 2512 275 2575 tulisse.
328 2510 389 2572 lam
420 2530 496 2574 vero
524 2512 611 2574 istam
640 2511 912 2589 necessitudinem,
948 2513 974 2576 si
1008 2511 1115 2574 tertius
1147 2510 1266 2589 quidam

163 2621 294 2700 capitum
315 2621 491 2699 compilator
514 2630 672 2699 statuatur,
693 2623 771 2684 iuste
793 2621 938 2700 explicari
959 2639 1021 2683 non
1042 2638 1144 2701 posse,
1177 2637 1267 2700 supra

163 2730 314 2794 vidimus!
349 2733 449 2806 Quare
462 2732 561 2794 solum
580 2741 685 2811 restat,
706 2741 740 2795 ul
761 2733 937 2811 statuamus,
959 2733 1016 2796 isla
1030 2734 1125 2812 capita
1148 2733 1266 2812 abipso

163 2840 294 2904 Palladio
315 2842 477 2904 Lausiacae
499 2843 612 2906 intexta
634 2861 711 2908 csse.
756 2843 788 2906 ld
811 2861 886 2908 vero
908 2844 1022 2907 rectius
1043 2843 1188 2924 explicari
1208 2863 1267 2906 ne-

163 2951 237 3031 quit,
259 2971 347 3032 quam
369 2971 417 3032 eo,
439 2963 473 3018 ut
494 2953 656 3022 Palladium
684 2972 746 3018 non
775 2953 873 3042 solum
894 2953 1041 3018 loannem
1073 2955 1104 3017 in
1125 2954 1207 3036 Lyco
1236 2964 1267 3020 et

162 3061 365 3144 Apollonium,
388 3065 556 3146 dequibus
578 3066 637 3128 iam
659 3076 744 3130 certo
767 3074 895 3145 constat,
926 3067 979 3130 sed
1003 3075 1124 3136 ceteros
1146 3083 1266 3146 quoque
1381 3085 1388 3100 ·

164 3190 269 3238 omnes
291 3175 450 3240 Thebaidis
472 3195 561 3240 senes
584 3195 644 3240 una
673 3195 741 3238 cum
763 3179 912 3258 scriptore
941 3177 1010 3240 libri
1032 3175 1157 3241 secundi
1185 3176 1266 3238 invi·

163 3284 260 3364 sisse,
289 3286 452 3367 eademque
479 3287 536 3350 ista
566 3305 625 3350 una
653 3305 722 3350 cum
749 3307 786 3351 eo
821 3296 979 3368 expertum
1012 3305 1081 3350 esse
1116 3295 1264 3366 putemus.

163 3393 249 3456 Unde
270 3405 392 3476 postea,
421 3415 497 3477 quae
526 3398 628 3460 socius
650 3399 728 3460 bene
751 3407 947 3478 exposuerat,
981 3398 1011 3460 in
1039 3397 1148 3460 librum
1178 3413 1265 3459 suum

162 3507 279 3586 recepit
286 3525 295 3582 ;
329 3525 501 3588 quaerero
524 3507 656 3590 longiori
678 3509 858 3573 habitatione
879 3510 944 3589 ipse
967 3508 1073 3572 melius
1102 3525 1189 3588 quam
1211 3525 1266 3571 so-

162 3617 228 3680 cius
251 3626 448 3700 cognoverat,
471 3619 587 3684 scilicet
602 3637 679 3700 quac
693 3620 830 3684 adsenes
852 3621 933 3682 circa
947 3618 1159 3686 Alexandriam
1181 3627 1212 3682 et
1234 3619 1266 3680 in

60 3807 63 3816 Ι
161 3729 257 3794 Nitria
279 3731 367 3810 eique
389 3731 556 3795 confinibus
570 3732 736 3796 habitantes
752 3739 898 3812 spectant,
920 3731 1082 3795 suohlarte
1095 3730 1264 3810 descripsit.

161 3868 402 3882 -.ῳ-

191 3932 218 3997 ι)
240 3930 294 3986 VV.
322 3929 372 3986 PP.
400 3930 489 3984 llosw.
518 3932 562 3990 lib.
592 3935 625 3998 lI,
655 3937 668 3988 1
697 3951 723 4002 p.
750 3931 807 3990 449
817 3932 912 3992 -457,
953 3935 1020 3987 llist.
1042 3933 1119 3986 Laus.
1139 3946 1196 3997 cap.
1216 3925 1263 3984 44.

241 4016 287 4075 45.
308 4015 354 4074 46.
374 4015 420 4076 47.
443 4017 509 4088 Opp.
529 4023 624 4079 hleurs.
644 4023 660 4074 l.
684 4023 702 4075 l.
724 4039 750 4090 p.
771 4021 932 4082 tol-485.

188 4111 218 4174 2)
240 4109 295 4160 Vll.
318 4107 367 4160 PP.
390 4109 479 4162 Rcsw.
501 4109 518 4161 l.
541 4110 558 4162 l.
581 4127 606 4179 p.
628 4109 694 4178 441,
717 4117 740 4166 1.

188 4197 218 4262 3)
241 4197 306 4248 bist.
329 4197 405 4254 Laus.
426 4199 444 4253 l.
467 4199 484 4256 l.
506 4197 575 4267 Opp.
594 4203 689 4254 bieurs.
712 4201 729 4259 l.
751 4203 768 4254 l.
789 4219 814 4270 p.
835 4199 995 4258 lou-lta.

187 4281 288 4353 tt‘np.
313 4287 365 4344 133
387 4287 419 4340 ad
440 4287 559 4356 ctesiph.
