2974 4964
637 337 880 412 ...¹¹10-

213 537 329 602 dierum
351 539 382 602 in
393 535 584 618 Thebaidem,
605 553 661 619 per
682 537 872 604 solitudinem
894 535 1060 619 proiectus,
1081 533 1230 618 peruenit.
1253 531 1312 596 Ubi

211 666 303 730 quum
331 647 363 712 in
392 649 605 713 monasterium
627 647 912 714 Tabennesiotarum
939 647 1085 728 venisset,
1116 643 1312 710 Pacbominm

211 777 318 822 eorum
352 758 611 823 archimandritam
639 761 805 840 quaesivit,
838 759 937 824 viram
968 757 1224 839 probatissimum,
1257 755 1311 836 qui

213 870 341 952 gratiam
370 869 544 949 prophetiae
569 869 705 934 babebat.
759 869 815 933 Gui
840 877 941 934 tamon
971 868 1136 933 Macarium
1167 881 1312 948 magnum

212 997 281 1043 esse
308 979 556 1043 abscondebatur.
598 979 676 1043 Eum
703 979 798 1061 igitur
826 997 894 1042 cum
920 979 1069 1044 Macarius
1101 977 1312 1040 convenisset:

213 1091 275 1154 Oro
297 1091 465 1172 te,·inquit,
493 1090 624 1170 domine,
652 1091 772 1172 suscipe
792 1107 841 1153 me
862 1090 893 1153 in
915 1088 1130 1153 monasterium
1151 1093 1248 1164 tuum,
1276 1091 1313 1148 ut

214 1202 375 1265 monachus
402 1201 478 1264 bam.
529 1201 584 1264 Cui
612 1201 806 1266 Pachomius:
837 1202 945 1266 Aetate
974 1210 1034 1266 mm
1062 1205 1225 1280 provectus
1259 1195 1313 1276 qni
1395 1195 1398 1202 '

212 1313 354 1394 deinceps
386 1320 417 1375 te
445 1330 592 1376 exercere
619 1314 757 1394 poteris?
799 1313 919 1378 Fratres
942 1331 959 1376 a
980 1313 1138 1375 iuventute
1159 1325 1194 1371 se
1215 1325 1313 1370 exer·-

212 1430 294 1515 cent,
321 1423 405 1488 etin
426 1423 578 1488 laboribus
599 1425 806 1506 adoleverunt,
832 1435 932 1507 neque
952 1424 1054 1488 ferunt
1074 1423 1221 1506 laborem,
1264 1417 1312 1480 'in

211 1551 288 1597 vero
308 1533 366 1596 bac
394 1542 491 1598 aetate
527 1553 588 1598 non
615 1546 702 1616 potos
730 1537 881 1600 sustinere
910 1535 1090 1600 tentationes
1112 1517 1312 1596 exercitatio-

211 1643 268 1708 nis.
312 1643 492 1724 offenderis,
514 1647 610 1712 exibis
632 1657 663 1712 et
683 1648 842 1711 maledices
863 1647 960 1711 nobis.
1004 1645 1110 1726 Neque
1139 1661 1209 1706 eum
1236 1656 1314 1704 sus·

211 1751 300 1832 cepit.
345 1753 399 1816 llle
425 1763 525 1818 autem
554 1757 684 1836 perstitit
709 1775 745 1819 ac
774 1757 892 1820 ieiunus
921 1755 1064 1820 remansit
1096 1761 1213 1834 septem
1235 1752 1312 1816 dies

210 1860 326 1926 Deinde
346 1863 493 1928 Macarius
515 1883 658 1949 magnus:
689 1867 749 1946 Me,
778 1867 883 1947 inquit,
918 1867 1048 1948 suscipe,
1078 1866 1164 1945 abba,
1197 1871 1229 1928 et
1251 1863 1313 1929 nisi

210 1971 398 2054 ieiunavero,
419 1975 499 2039 sicut
519 1975 571 2054 ilii,
600 1969 793 2057 et'operatus
821 1976 919 2055 fuero,
941 1995 1018 2057 quae
1040 1983 1217 2058 operantur,
1246 1984 1313 2039 tum

211 2083 281 2146 iube
302 2103 352 2146 me
373 2085 442 2147 eiici
462 2103 481 2148 e
501 2081 695 2150 monasterio.
738 2087 866 2169 Magnas
887 2087 982 2170 igitur
1003 2087 1181 2150 Pachomius
1203 2085 1315 2150 fratri·
1374 2161 1378 2168 ,

211 2194 268 2256 bus
295 2196 472 2276 persuadet,
505 2205 539 2260 ut
558 2214 640 2280 ,eum
669 2199 840 2278 suscipiant.
897 2198 1071 2262 Conventus
1101 2205 1201 2261 autern
1229 2197 1314 2260 iliius

211 2305 385 2368 monasterii
401 2315 518 2370 constat
532 2305 613 2368 mille
629 2308 855 2390 quadringentis
871 2308 946 2385 viris
966 2309 998 2372 in
1012 2308 1193 2372 hodiernum
1215 2323 1315 2388 usque

211 2413 301 2478 diem.
354 2413 418 2478 iloo
457 2415 552 2499 igitur
587 2417 800 2482 monasterium
833 2418 981 2482 Macarius
1016 2435 1145 2500 magnus
1177 2419 1314 2482 intravit

210 2524 302 2586 Brevi
331 2533 429 2590 autem
461 2535 598 2609 tempore
629 2539 697 2608 post
725 2537 791 2594 erat
811 2529 1048 2612 quadragesima.
1092 2528 1139 2592 Ac
1161 2527 1315 2592 Macarius

211 2651 355 2716 mumius,
388 2653 480 2715 quum
518 2638 661 2718 vidisset,
699 2655 940 2719 unumquemque
974 2638 1096 2702 diversa
1139 2639 1318 2719 suscepisse

212 2743 333 2804 vivendi
352 2743 495 2825 instituta,
517 2748 607 2812 alium
623 2749 742 2828 quidem
760 2767 899 2830 vespere,
922 2749 1012 2812 aliurn
1026 2759 1095 2841 post
1109 2749 1200 2828 duos,
1223 2750 1319 2814 elium

213 2859 282 2930 post
314 2854 445 2934 quinque
483 2857 548 2921 dies
583 2859 751 2936 comedere,
784 2861 873 2924 alium
904 2861 993 2924 etiarn
1025 2869 1108 2924 stare
1136 2879 1193 2941 per
1220 2869 1319 2925 totam

213 2968 344 3037 noctem,
371 2963 501 3026 interdiu
515 2976 612 3030 autem
629 2967 666 3030 ad
680 2987 755 3048 opus
773 2971 899 3034 sedere:
920 2971 996 3052 ipse,
1018 2989 1111 3052 quum
1131 2989 1236 3035 ramos
1257 2970 1319 3034 sibi

214 3067 378 3146 palmarum
390 3072 498 3136 multos
509 3076 726 3158 madefecisset,
736 3081 768 3142 in
782 3082 893 3165 angulo
905 3100 966 3144 uno
981 3083 1074 3161 stetit,
1085 3099 1198 3164 neque,
1216 3081 1319 3144 douec

215 3177 442 3259 quadragesima
463 3183 582 3264 impieta
602 3200 684 3255 esset
702 3199 736 3255 et
756 3193 867 3272 pascha
880 3193 1061 3274 advenisset,
1082 3211 1193 3274 panem
1214 3209 1319 3273 neque

216 3303 323 3365 aquam
344 3290 452 3372 tetigit,
474 3301 572 3375 neque
593 3315 674 3379 genu
694 3301 788 3383 flexit,
810 3321 908 3384 neque
930 3303 1020 3384 sedit,
1040 3321 1141 3384 neque
1162 3303 1319 3382 accubuit,

215 3413 314 3474 neque
346 3400 468 3464 omuino
491 3402 570 3468 aliud
602 3409 758 3490 quidquam
792 3413 936 3494 gustavit,
963 3415 1022 3478 nisi
1052 3413 1147 3480 moda
1175 3413 1320 3498 crambes

216 3501 298 3582 folia,
320 3523 396 3585 quae
417 3513 543 3590 sumpsit
564 3515 612 3578 die
626 3515 782 3599 dominica,
804 3529 838 3584 ut
851 3522 1008 3588 videretur
1029 3525 1193 3592 comedere
1214 3541 1321 3606 neque

216 3615 247 3676 in
270 3614 396 3694 aliquam
420 3617 457 3680 de
478 3635 512 3685 se
533 3623 703 3702 opinionem
724 3629 879 3694 incideret.
902 3631 1014 3712 Atque,
1035 3634 1062 3696 si
1084 3633 1320 3716 quandoprop-

214 3732 264 3788 ter
284 3728 490 3794 necemimtem
510 3749 594 3796 suem
615 3736 836 3818 egrediebatur,
858 3740 946 3804 citius
968 3743 1149 3824 regrediens
1172 3747 1259 3810 stetit
1280 3745 1320 3810 ad

215 3849 292 3910 opus
314 3853 417 3902 manus
448 3858 532 3922 suae,
563 3861 661 3924 neque
679 3863 717 3910 os
738 3849 864 3929 aperuit,
893 3869 951 3914 neo
979 3871 1075 3932 paura
1106 3854 1229 3922 locutus
1258 3872 1321 3925 neo

216 3943 318 4024 multa,
338 3947 391 4012 sed
412 3953 495 4016 stetit
522 3953 622 4018 silens.
665 3956 774 4036 Neque
806 3977 932 4038 prorsus
954 3963 1036 4028 aliud
1059 3966 1236 4047 quidquam,
1258 3967 1322 4032 nisi

217 4053 383 4118 orationem
410 4060 475 4140 egit
503 4060 534 4122 in
566 4063 670 4142 oorde,
701 4074 733 4130 et
761 4083 860 4131 ramos
889 4071 1042 4152 mactavit,
1076 4093 1154 4155 quos
1187 4077 1346 4146 habebat·

217 4158 249 4220 in
271 4163 412 4230 manibus.
456 4167 537 4232 Maec
558 4180 657 4238 autern
672 4191 776 4240 omnes
794 4179 1012 4246 merebotores
1034 4183 1116 4250 iilius
1138 4189 1321 4254 monasterii

219 4282 310 4346 quum
322 4272 474 4355 vidissent,
487 4279 717 4362 insurrexerunt
729 4284 874 4354 adversus
886 4291 1072 4370 praefectum
1081 4314 1185 4378 suum,
1208 4305 1317 4380 atque:
