2990 4986
647 381 891 454 ..3ο-

311 578 399 656 Qucd
420 578 447 643 si
468 578 583 658 statuis,
599 576 787 644 difficultates
809 595 914 642 omnes
932 577 1020 644 boile
1039 577 1238 660 explicantur.
1262 579 1331 644 lla·

224 689 353 754 raclides
382 689 473 768 enim,
506 687 631 752 Rufinus
668 696 699 752 et
730 687 878 754 Palladius
906 689 994 752 amici
1027 697 1058 754 at
1085 689 1332 772 origenistarum

225 801 320 864 ducas
341 799 509 878 iuerunt')
553 800 677 864 Rufinus
697 799 729 862 in
750 807 852 864 monta
876 798 986 864 Oliveti
1013 800 1118 864 cellam
1140 801 1267 881 habens,
1295 807 1333 865 ut

225 913 352 978 Melania
379 912 479 975 coetui
500 911 663 993 virginum,
694 909 735 972 ita
766 909 831 990 ipse
859 909 1090 992 congregationi
1111 911 1331 974 monachorum

225 1023 362 1105 praefuit.
373 1028 400 1099 ²)
443 1021 472 1086 A
493 1021 603 1102 quibus
625 1029 661 1086 ut
679 1019 789 1084 librum
803 1019 843 1082 de
863 1021 987 1084 senibus
1011 1031 1208 1103 componeret
1229 1040 1331 1104 roga·

225 1141 275 1197 tus
310 1151 350 1196 ex
379 1131 545 1196 Heraclidis
581 1130 667 1196 amici
698 1130 788 1210 libro,
817 1147 893 1210 quae
920 1131 977 1195 sibi
1012 1131 1082 1196 usui
1115 1139 1213 1212 erant,
1249 1150 1333 1199 con-

226 1245 322 1327 gessit
343 1252 374 1308 et
395 1261 450 1307 ore
471 1243 564 1308 latino
585 1241 687 1306 edidit·
732 1240 926 1321 Opusculum,
953 1240 1034 1322 quod
1063 1241 1108 1305 sic
1136 1243 1333 1322 nascebatur,

226 1356 379 1420 monachis
400 1351 511 1420 oliveti
531 1353 695 1434 inscripsit,
720 1361 819 1434 atque,
840 1353 910 1434 quia
931 1352 1069 1416 monachi
1090 1352 1249 1416 muliebria
1270 1370 1336 1416 non

226 1475 344 1546 curant,
365 1483 442 1547 quae
463 1464 638 1530 Heraclides
659 1463 698 1528 dc
718 1465 894 1528 mulieribus
916 1463 1053 1545 babebat,
1074 1464 1184 1532 omisit.
1229 1464 1255 1528 ll
1277 1481 1337 1530 sa-

227 1580 316 1642 nibus
344 1575 508 1658 praecipue
530 1574 719 1658 Origonistas
751 1574 860 1654 attulit,
892 1581 1075 1654 quapropter
1102 1575 1134 1636 in
1154 1574 1337 1656 Hieronymi

228 1687 451 1754 accusationem
471 1687 611 1766 incurrit,
633 1686 685 1766 qui
706 1684 856 1766 Rufinum,
889 1703 981 1764 quum
1008 1685 1094 1766 quasi
1124 1702 1224 1748 novus
1251 1685 1335 1750 liber

227 1800 269 1863 ita
291 1797 446 1879 prodiret,
476 1803 632 1860 auctorem
660 1795 763 1858 dicere
794 1795 863 1860 iura
893 1795 994 1876 aliquo
1027 1795 1131 1876 potuit·
1174 1795 1334 1860 Necnon

227 1909 396 1974 istiusmodi
417 1909 641 1989 compositionis
652 1905 781 1990 vestigia
798 1906 875 1972 liber
889 1907 1040 1972 secundus
1054 1907 1237 1990 aliquantum
1258 1925 1336 1990 prae

228 2037 263 2084 se
283 2018 366 2082 ferre
388 2017 517 2081 videtur.

315 2129 377 2194 lsto
398 2128 492 2211 igitur
513 2126 602 2190 modo
617 2123 806 2190 difficultates
827 2124 916 2188 facile
936 2125 1105 2194 solvuntur.
1150 2125 1212 2192 Sed
1234 2128 1261 2192 si
1283 2127 1337 2192 illa

228 2243 376 2323 posueris,
409 2239 509 2303 Hulini
533 2239 644 2302 librum
672 2247 706 2305 ut
734 2256 790 2302 ore
817 2237 909 2302 latino
931 2239 973 2302 ita
1000 2247 1031 2304 et
1058 2256 1172 2320 graeco
1193 2239 1336 2304 extitisse

229 2360 352 2416 sutum.
405 2350 492 2424 Quod
519 2367 587 2414 cum
609 2348 777 2432 fragmenta
805 2349 948 2414 cotelerii
981 2349 1147 2430 postulant,
1170 2359 1235 2415 turn
1261 2351 1336 2412 libri

229 2462 355 2526 secundi
376 2460 508 2526 narratio
531 2459 569 2522 de
591 2458 634 2522 Or
656 2458 762 2522 abbate
784 2460 983 2540 comprobare
1005 2459 1134 2525 videtur.
1179 2460 1230 2524 Sic
1253 2462 1337 2526 enim

229 2573 377 2636 PaHadius
398 2570 436 2634 de
458 2587 496 2634 eo
517 2569 654 2650 scripsit:
685 2569 816 2650 „Magno
844 2569 914 2634 huic
941 2576 1045 2634 sancto
1074 2587 1130 2634 suo
1158 2572 1338 2636 testimonio

228 2684 334 2750 tribuit
354 2684 497 2746 virtutem
519 2682 661 2746 universa
680 2679 866 2760 fraternitas,
898 2682 1060 2762 praecipue
1092 2690 1194 2746 autem
1223 2683 1337 2748 ancilla

228 2796 286 2858 Dei
305 2795 449 2872 Melania,
482 2811 560 2873 quae
579 2793 662 2855 hunc
689 2801 820 2855 montem
841 2799 910 2854 anta
931 2811 980 2854 me
1000 2803 1047 2858 est
1067 2793 1218 2876 ingressa.
1263 2793 1335 2877 Ego

229 2905 395 2966 enimcum
415 2919 477 2964 non
498 2901 609 2963 offendi
630 2902 763 2962 vivum“.
776 2903 801 2976 ³)
824 2900 908 2983 Hrgo
927 2901 970 2964 Or
990 2903 1081 2966 abbas
1103 2911 1243 2968 mortuus
1266 2903 1338 2984 fuit,

230 3023 389 3092 antequam
411 3009 558 3072 Palladius
580 3025 668 3072 senes
690 3009 847 3073 Thebaidis
869 3011 949 3079 adiit.
991 3013 1082 3078 Liber
1107 3031 1185 3078 vero
1214 3023 1337 3078 secun·-

230 3124 287 3186 dns
308 3123 400 3202 longa
421 3121 515 3183 utitur
535 3119 717 3198 narratione,
743 3137 820 3201 quae
846 3121 961 3202 incipit:
991 3123 1149 3203 „Vidimus
1178 3133 1210 3188 et
1240 3125 1337 3200 alium

230 3233 307 3314 apud
336 3229 517 3293 Tbebaidem
544 3229 746 3293 venerabilem
775 3232 873 3294 virum
893 3233 957 3296 Hor
984 3235 1138 3304 nomine.“
1153 3235 1181 3314 ⁴)
1225 3235 1338 3317 ltaque

230 3319 361 3422 scriptor
381 3341 470 3404 buius
492 3340 596 3421 capitis
618 3340 688 3404 libri
709 3342 834 3405 secundi
855 3343 989 3408 abbatem
1010 3345 1097 3426 vidit,
1117 3363 1211 3428 quem
1229 3347 1338 3410 Palla-

230 3455 299 3517 dius
325 3469 387 3515 non
408 3452 532 3532 amplius
558 3451 643 3516 vidit.
689 3453 864 3532 Quanquam
896 3469 966 3516 eum
992 3471 1051 3518 una
1081 3473 1151 3519 cum
1180 3457 1338 3538 scriptore

226 3565 290 3627 isto
311 3579 400 3626 senes
415 3561 572 3627 'lbebaidis
593 3563 734 3627 invisisse
755 3580 846 3645 supra
867 3565 1062 3630 ostendimus.
1105 3566 1218 3632 Fateor
1239 3566 1338 3630 buius

230 3675 350 3754 quidem
379 3671 559 3738 difficultatis
589 3671 783 3754 explicandae
803 3672 888 3736 varia
917 3691 990 3738 sane
1017 3693 1132 3758 genera
1162 3676 1340 3762 excogitari

253 3891 288 3959 l)
307 3888 418 3943 Palladii
443 3889 514 3969 piel.
541 3889 567 3946 d.
598 3890 644 3940 vit.
675 3887 701 3946 S.
730 3885 838 3939 loannis
859 3884 994 3954 chrysost.
1017 3906 1074 3958 cap.
1094 3894 1150 3950 XX.
1171 3893 1243 3946 Bibl.
1267 3891 1339 3951 Gall.

306 3977 335 4035 Τ.
354 3981 421 4031 Vlll
441 3993 467 4044 p.
489 3978 555 4033 320.
595 3975 731 4028 Tillemont
750 3973 778 4024 Τ.
798 3977 843 4031 xl.
883 3973 952 4028 Cave
972 3994 994 4034 s.
1013 3994 1039 4034 v.
1058 3979 1225 4034 Heraclidas.

254 4067 285 4133 2)
307 4067 373 4120 Hist.
384 4065 462 4118 Laus.
482 4065 524 4122 ed.
535 4065 631 4116 llanrs.
645 4077 703 4128 cap.
720 4060 773 4114 118
790 4058 855 4128 Opp.
875 4062 971 4116 lleurs.
982 4064 1000 4122 l.
1011 4065 1029 4118 l.
1050 4081 1076 4134 p,
1097 4068 1165 4127 596,
1204 4069 1266 4126 [tuf.
1289 4073 1339 4124 lu.

308 4165 374 4212 vect.
394 4158 421 4208 ll
442 4153 509 4222 Opp.
532 4153 638 4205 Hieron.
650 4149 692 4205 ed.
711 4148 809 4206 Bencd.
830 4148 856 4200 T.
877 4152 917 4202 IV
937 4168 963 4218 p.
983 4149 1049 4211 420,
1093 4201 1097 4206 ,

257 4244 289 4308 3)
311 4241 473 4298 Hirtium.
494 4241 537 4296 ed.
557 4240 651 4292 blenrs.
672 4251 730 4303 cap.
754 4239 786 4290 11
807 4236 825 4293 l.
845 4237 862 4294 l.
883 4253 909 4306 p.
931 4240 996 4298 369,

255 4330 284 4400 4)
306 4335 368 4388 VV.
388 4334 441 4387 l‘l‘.
461 4330 550 4386 llosw.
569 4325 616 4382 lib.
636 4327 672 4390 ll,
694 4327 711 4378 2
732 4339 757 4392 p.
777 4319 843 4390 457,
864 4327 890 4382 2.

1489 3803 1492 3838 ‘
