2990 4986
584 337 803 408 ...9-

147 533 267 620 rant1).
311 537 374 612 Qua
392 535 562 598 obedientia
575 533 719 616 quosdam
742 532 860 596 modurn
883 533 1052 598 severitatis
1075 537 1244 600 excessisse

147 650 199 712 vix
220 649 327 730 negari
347 656 461 729 potest3
485 646 539 709 sed
561 665 578 708 e
601 646 752 709 contraria
773 655 858 726 parte
879 645 1024 712 libertatis
1046 655 1134 726 atque
1156 648 1243 710 iner-

147 761 206 824 tiae
228 760 333 822 modus
355 759 449 820 multo
471 759 588 838 saepius
611 757 769 820 exceditur
797 765 829 820 et
850 758 1086 822 extraordinaria
1107 765 1242 836 tempora

146 887 207 932 non
229 867 389 932 ordinariis
411 869 524 930 nonnis
547 865 734 928 diiudicanda
756 875 834 930 sunt.
876 867 996 930 Simeon
1007 868 1117 932 Stilites
1131 869 1157 948 ²)
1180 867 1241 946 illc,

146 980 197 1059 qui
225 986 321 1041 toturn
342 995 437 1056 paene
458 978 537 1040 vitae
565 985 682 1054 tempus
716 975 747 1036 in
774 977 912 1038 columna
941 977 1052 1056 stabat,
1085 985 1116 1040 et
1145 977 1241 1040 altero

146 1107 229 1170 genu
251 1095 409 1150 arescente
430 1087 643 1166 vermibusque
665 1103 682 1148 e
704 1103 835 1166 corpore
858 1087 1067 1151 ebullientibus
1094 1087 1125 1148 in
1146 1087 1241 1152 altero

146 1217 221 1264 sano
242 1198 397 1261 insistebat
418 1197 483 1261 solu
511 1215 568 1277 per
595 1197 733 1278 integros
766 1199 876 1260 multos
911 1215 1021 1278 annos,
1050 1199 1118 1279 qui,
1151 1214 1242 1278 quum

145 1317 241 1372 mater
263 1309 419 1370 clamaret:
446 1316 530 1387 pater
560 1316 629 1369 tuus
657 1316 836 1387 propterte
865 1308 985 1370 tristitia
1007 1307 1162 1372 coniectus
1184 1309 1241 1371 de-

144 1420 251 1498 cessit,
285 1437 319 1480 ac
341 1419 478 1480 lacrimas
500 1418 698 1498 prolunderet
726 1419 944 1497 acerbissimas,
980 1421 1021 1484 ita
1050 1427 1084 1482 ut
1113 1427 1241 1484 testante

143 1530 303 1610 discipulo,
324 1531 376 1610 qui
396 1530 485 1593 vitarn
508 1531 574 1592 eius
586 1529 755 1609 descripsit,
777 1548 881 1593 omnes
903 1521 954 1609 qui
975 1530 1102 1592 aderant
1123 1530 1241 1608 flerent,

142 1641 207 1720 ipse
229 1639 349 1720 quidem
374 1640 516 1718 ,audiens
538 1657 645 1702 vocem
667 1640 832 1720 genetricis
854 1641 953 1720 posuit
975 1639 1080 1702 faciem
1104 1625 1187 1702 suam
1209 1642 1240 1704 in

142 1767 246 1812 manus
268 1767 338 1814 suas
359 1759 391 1814 et
412 1749 540 1830 ploravit
562 1752 681 1813 amare“
695 1754 732 1829 ³),
754 1751 809 1814 sed
828 1751 866 1814 de
888 1752 1042 1831 proposito
1064 1769 1120 1814 suo
1142 1751 1240 1814 horni-

141 1881 213 1924 num
241 1861 322 1923 vires
356 1861 523 1924 excedente
551 1861 669 1923 moveri
697 1879 758 1923 non
790 1871 917 1940 poterat,
941 1897 983 1908 -
1012 1861 1079 1942 ille,
1108 1863 1238 1943 inquam,

142 1970 265 2036 Simeon
286 1970 399 2034 Stilites
422 1971 493 2052 quid
513 1989 574 2036 non
598 1971 735 2052 exemplo
758 1972 928 2034 severitatis
950 1990 1007 2035 suo
1030 1972 1142 2036 effecit!
1166 1983 1240 2055 quot

141 2099 276 2164 paganos
297 2081 426 2144 incultos
447 2081 505 2144 hoc
527 2082 660 2146 inaudito
682 2081 855 2162 spectaculo
878 2081 996 2146 Christo
1019 2083 1153 2146 lucratus
1176 2085 1238 2149 esti

140 2201 250 2274 quanta
271 2195 398 2256 nominis
420 2193 495 2255 fama
524 2212 580 2274 per
605 2203 700 2258 toturn
727 2194 964 2274 percrebescens
986 2194 1139 2260 Orientem
1168 2196 1239 2260 inli-
1285 2213 1286 2216 ’

139 2303 223 2366 deles
238 2306 392 2368 concussit
409 2313 440 2367 et
452 2305 635 2370 Christianos
650 2306 857 2369 inflammavit!
879 2307 1005 2370 Fructus
1028 2315 1127 2368 autem
1150 2326 1238 2387 quarn

138 2417 250 2481 uberes
272 2437 290 2480 e
312 2418 439 2480 mirabili
460 2419 511 2481 illo
534 2419 666 2484 Orientis
695 2420 732 2482 ad
761 2421 927 2502 angelicam
957 2421 1047 2482 vitam
1077 2419 1178 2480 volatu
1206 2420 1238 2480 in

138 2528 297 2592 ecclesiam
318 2530 524 2609 redundarint,
546 2540 578 2593 et
600 2539 777 2612 argumento
800 2541 870 2594 sunt
887 2532 985 2610 quarti
1006 2539 1037 2592 et
1051 2530 1145 2608 quinti
1166 2547 1237 2592 sae-

138 2635 200 2696 culi
221 2645 333 2714 patres,
355 2638 407 2716 qui
428 2647 531 2700 sancto
554 2638 652 2700 studio
675 2639 740 2700 eius
768 2640 912 2718 temporis
940 2641 1044 2702 nutriti
1073 2640 1110 2702 ad
1139 2645 1238 2706 mani-

137 2746 320 2808 mamillam
343 2747 509 2810 sanctitatis
538 2756 569 2810 et
601 2749 812 2829 magnitudinis
828 2749 1000 2838 'claritatem
1022 2753 1236 2834 evehebantur,

136 2866 169 2922 et
190 2857 354 2921 ostendunt
374 2866 485 2936 cetera,
508 2877 585 2938 quae
597 2869 774 2939 sequuntur,
792 2861 923 2940 saecula,
945 2863 1051 2942 quibus
1063 2865 1235 2928 monachica

134 2968 199 3030 vita
219 2968 257 3029 ad
279 2968 480 3033 occidentales
497 2988 617 3051 quoque
633 2972 775 3052 regiones
794 2973 930 3036 accessit.
976 2973 1010 3036 ln
1032 2993 1104 3054 quas
1127 2994 1144 3037 e
1166 2995 1236 3039 mo-

135 3077 260 3140 nachica
281 3080 353 3159 vita,
381 3081 541 3160 praecipue
568 3081 638 3143 inde
667 3101 684 3144 a
714 3091 850 3163 tempore
872 3083 901 3148 S.
925 3084 1088 3165 Benedicti,
1116 3083 1233 3152 fructus

133 3189 324 3254 redundasse
344 3190 551 3270 amplissimus,
572 3209 660 3254 nemo
682 3201 781 3274 negat.

220 3301 253 3380 §.
276 3299 306 3362 4.
351 3301 410 3365 Sed
442 3303 629 3366 incommoda
651 3322 770 3384 quoque
792 3323 846 3374 ex,
861 3305 1024 3370 indiscreto
1046 3307 1234 3386 quorundam

132 3415 166 3470 et
187 3411 439 3490 superabundanti
467 3414 566 3478 studio
576 3414 604 3490 4)
638 3415 788 3479 interdum
817 3433 974 3479 emanasse
1003 3415 1153 3480 fatendum
1176 3426 1232 3482 est.

130 3574 374 3588 ——2-——a

165 3675 192 3735 1)
212 3669 326 3723 Cassian.
359 3673 404 3726 tib.
435 3677 458 3726 V
484 3677 517 3728 de
547 3679 609 3744 spir.
635 3689 714 3748 gastr.
744 3697 801 3748 cap.
832 3681 877 3736 40.
920 3683 973 3740 VV.
1001 3683 1049 3735 Pl’.
1078 3683 1120 3735 ed.
1143 3683 1231 3740 llosvv.

208 3775 235 3826 p.
256 3763 321 3827 551,
345 3767 369 3820 1.

158 3851 191 3914 2)
213 3851 265 3907 VV.
287 3851 335 3908 PP.
354 3852 443 3910 Rosw.
464 3869 489 3921 p.
515 3858 569 3910 170
590 3873 646 3926 sqq.

161 3939 192 4004 3)
213 3938 278 3997 lbid.
300 3957 355 4008 cap.
376 3943 402 3998 8.
423 3959 448 4010 p.
472 3947 535 4010 172,
557 3949 583 4002 2.

158 4021 189 4084 4)
211 4027 268 4082 llue
288 4031 418 4096 pertinent
438 4032 525 4098 Uales,
547 4035 626 4099 llere,
648 4035 825 4102 Ptolemaeus,
853 4041 927 4106 virgo
955 4038 1045 4106 lapsa,
1073 4039 1228 4105 Stephanus,

208 4117 360 4184 Eucarpius,
390 4119 423 4172 de
448 4121 541 4188 quibus
569 4134 655 4176 narrat
682 4127 797 4178 Historia
816 4127 942 4181 Lausiaca
969 4128 1009 4184 ed.
1038 4127 1131 4180 Meurs.
1154 4145 1229 4198 capp,

207 4205 254 4263 32.
274 4207 319 4264 33.
340 4204 386 4264 34.
406 4210 452 4266 35.
476 4211 538 4269 105.
580 4211 654 4265 Alios
674 4215 793 4268 infelices
813 4215 953 4269 monachos
973 4225 1092 4268 recenset
1112 4216 1229 4276 Cassian.

208 4292 274 4350 cett.
294 4299 328 4353 ΙΙ.
349 4313 424 4366 capp.
442 4301 468 4356 5.
489 4301 515 4357 6.
537 4304 561 4358 t.
583 4302 609 4360 8.
