2974 4964
555 475 608 508 ,-
670 433 741 508 133
797 477 849 492 -··

159 645 232 710 aino
253 643 390 709 reiectos
419 659 532 707 ossea
558 643 815 714 verisimilitudine
838 643 998 725 abhorret,
1021 647 1062 710 ita
1085 651 1119 708 ut
1141 647 1172 710 in
1193 647 1247 712 iti·

161 753 297 834 nsn'bus,
321 751 562 833 quaoiiacarivns
585 747 624 812 ad
645 750 822 818 invisendos
846 752 957 818 iratres
981 753 1129 818 interdum
1152 754 1248 820 iacie-

153 856 249 941 tas),
271 859 303 924 id
325 845 485 922 accidisse·
499 857 679 924 existimem

253 965 378 1049 ,nouas
398 955 549 1029 Macarius
582 963 652 1028 dum
678 964 710 1030 in
731 963 781 1028 illa
805 961 988 1042 solitudine,
1020 963 1051 1026 in
1082 981 1139 1046 qua
1162 963 1247 1026 solus

152 1077 245 1152 ,onan
278 1076 438 1152 maneret,
468 1069 594 1134 inierior
615 1075 718 1136 sutem
740 1069 829 1153 plena
852 1074 940 1134 essct
961 1068 1062 1136 munitis
1094 1069 1249 1148 iratribus,

155 1188 235 1247 s'ero
258 1199 315 1264 per
335 1183 413 1246 viam
435 1179 709 1262 circumspiciebat,
729 1185 762 1244 et
782 1179 856 1246 vidit
872 1178 1051 1244 daemonem
1073 1181 1248 1244 venientem

159 1289 192 1354 in
216 1290 312 1374 ligura
337 1288 479 1371 hominis,
510 1289 657 1354 vestitum
684 1290 787 1356 tunice
819 1287 900 1352 linea
927 1286 1103 1370 perforata,
1137 1295 1170 1354 et
1191 1307 1248 1371 per

158 1397 278 1484 singula
300 1395 932 1482 iorominavusculaparvadepcndemnt3
954 1395 1248 1464 etdixitillisener:

158 1502 225 1578 Quo
247 1500 343 1582 vadis,
365 1501 529 1588 moiigno‘l.
557 1503 597 1570 Et
618 1502 778 1586 respondit
800 1503 849 1581 ei:
871 1501 957 1566 Vado
974 1493 1167 1566 commoveri
1180 1501 1263 1568 sm„

154 1613 224 1674 tres
246 1607 316 1690 hos,
338 1609 389 1691 qui
410 1614 484 1676 sunt
504 1608 641 1677 inferius.
670 1608 726 1674 (ivri
747 1627 847 1674 senex
868 1607 956 1674 dixit:
977 1607 1017 1673 Et
1038 1614 1165 1692 propter
1177 1609 1249 1688 quid

156 1721 206 1783 tot
225 1715 352 1784 vmcola
377 1717 441 1784 fers
463 1720 594 1784 tecum?
615 1719 659 1784 iit
679 1717 729 1784 iile
741 1717 829 1784 dixit:
852 1715 978 1782 Gustuun
999 1716 1066 1785 iero
1088 1717 1247 1789 nasitus,

155 1830 193 1888 et
213 1824 282 1890 ideo
305 1830 391 1890 tanto
413 1825 491 1905 iero,
513 1830 557 1904 ut,
580 1828 607 1892 si
627 1843 720 1890 rurum
743 1822 940 1908 displicuerit,
968 1823 1128 1890 ostendam
1151 1819 1243 1903 aliud,

161 1937 195 1996 et
216 1933 245 1994 si
267 1930 339 1996 illud
360 1930 560 2013 perplacet,
593 1933 747 2015 ponpam
770 1930 863 2012 aiiud;
892 1936 925 1996 et
947 1930 1015 1996 ieri
1036 1948 1099 1994 non
1127 1937 1245 2016 potest,

161 2034 333 2100 sisinnum
355 2055 395 2100 cx
416 2037 500 2120 ipsis·
515 2036 639 2118 aliquod
659 2038 782 2121 placeat
802 2040 849 2106 iis.
886 2038 927 2102 Et
946 2035 1025 2102 haec
1048 2037 1154 2102 dicens
1177 2037 1245 2102 dis-

160 2143 267 2208 cessit
309 2142 479 2209 Permansit
500 2149 601 2210 autom
622 2161 721 2222 senex
753 2147 864 2210 iterun
885 2146 963 2210 vianr
985 2145 1245 2230 circumspiciens,

157 2259 320 2326 massaeo
340 2225 466 2339 rediet,
488 2255 531 2332 ot,
553 2267 621 2317 cum
638 2250 763 2332 rediret,
786 2250 858 2321 dicit
879 2253 920 2316 ei:
942 2250 1091 2318 salveris!
1111 2251 1192 2318 Dicit
1212 2256 1247 2316 et

154 2351 227 2418 iile:
249 2355 407 2430 Quomodo
429 2357 592 2426 istavdmilni
614 2359 742 2426 verbum
753 2358 840 2440 dicis,
863 2362 932 2444 qnia
947 2377 1055 2424 omnes
1072 2357 1142 2424 mihi
1158 2376 1244 2450 *oon-

155 2462 242 2524 trarii
263 2459 335 2526 iacti
357 2468 439 2544 suni,
462 2471 496 2529 et
517 2463 616 2531 nuilus
639 2467 716 2530 meis
739 2465 875 2532 consiliis
899 2467 1076 2548 acquiescit
1111 2465 1151 2530 Et
1173 2463 1246 2528 dicit

156 2567 186 2630 si
208 2583 319 2632 senex:
363 2567 461 2653 Erpa
478 2570 590 2640 nulium
611 2569 709 2636 habes
732 2571 882 2636 micum?
926 2569 970 2634 nt
996 2569 1046 2633 iiio
1067 2565 1244 2650 respondit:

156 2675 254 2740 Unum
274 2675 375 2742 habeo
397 2679 536 2758 amicum
557 2678 607 2741 vol
629 2680 697 2761 ipse
715 2681 872 2746 consentit
893 2677 1031 2759 milui„et
1051 2677 1172 2756 quoties
1195 2693 1244 2738 me

156 2782 276 2866 viderit,
296 2783 356 2850 huc
377 2791 470 2866 atone
492 2785 562 2851 illuc
580 2789 645 2854 cito
668 2777 1021 2867 severitatemque
1041 2803 1154 2850 nomen
1177 2785 1244 2848 eius

155 2891 195 2960 alt
213 2910 253 2956 so
267 2894 494 2974 requisivisset,
516 2897 568 2974 ait,
591 2895 659 2977 quia
671 2895 897 2981 theopemptus
915 2894 1035 2960 dicitur.
1055 2893 1244 2984 Discedente

155 2996 206 3062 illo
228 3016 301 3064 mox
322 3003 456 3067 surrexit
478 3000 572 3068 abbas
598 3002 751 3069 Macarius
773 3001 989 3068 ot'descendit
1010 2998 1047 3064 ad
1068 2997 1243 3064 inferiorem

157 3125 302 3174 erearum.
346 3109 435 3187 Quod
457 3129 524 3176 cnm
547 3109 709 3179 uud'msont
733 3110 857 3190 mamus,
881 3112 1004 3196 egressi
1026 3111 1099 3198 sunt
1119 3105 1161 3170 illi
1182 3103 1242 3172 oio-

155 3212 234 3276 risnu
256 3219 289 3278 et
308 3217 516 3299 numerisque
539 3235 686 3300 sperans,
708 3217 789 3300 quod
812 3216 892 3301 apud
913 3234 951 3282 se
972 3219 1123 3295 maneret,
1144 3231 1241 3296 prac-

154 3321 273 3403 parovit
302 3338 347 3386 so.
399 3323 443 3390 ot
467 3323 519 3390 iile
538 3329 703 3410 requirens
737 3325 844 3392 oollam
867 3325 1066 3410 Theopempti
1100 3321 1138 3386 ad
1170 3339 1240 3386 euno

155 3427 312 3510 proiectus
335 3437 394 3496 est
449 3433 585 3515 Gunnpue
612 3453 681 3508 cum
703 3435 814 3521 gaudio
847 3433 929 3501 illum
962 3434 1175 3518 suscepisset,
1208 3435 1241 3494 et

156 3537 267 3596 essent
286 3535 406 3616 utrique
429 3537 517 3602 simul
540 3539 610 3620 soli,
630 3540 707 3606 dixit
729 3543 759 3606 ci
780 3557 893 3622 senon:
916 3537 1173 3618 Quemadmodum
1188 3542 1240 3600 ost

155 3645 265 3720 1111111111,
288 3641 354 3708 iili?
399 3645 441 3712 nt
464 3645 514 3713 ille
537 3649 716 3732 rospondit:
760 3649 953 3717 Orationibus
976 3652 1037 3717 tuis
1059 3648 1140 3714 beno
1163 3665 1240 3712 sum.

153 3749 194 3814 Et
216 3753 258 3814 ait
280 3770 392 3818 senor:
420 3755 489 3820 Non
511 3761 544 3822 tc
571 3759 749 3844 inpugnant
770 3761 1000 3846 cogitationes?
1044 3760 1088 3824 nt
1109 3756 1159 3821 illo
1181 3775 1237 3820 re·

155 3853 290 3935 spondit:
324 3857 447 3924 interea
469 3861 551 3940 bene
574 3881 650 3928 sum.
700 3865 912 3930 Erubescebat
935 3868 1014 3930 eninr
1040 3863 1152 3926 dcere.
1197 3857 1239 3922 Et

155 3957 230 4025 dixit
252 3965 281 4025 ei
304 3981 416 4030 senex:
460 3967 543 4033 Ecce
566 3976 641 4052 quot
657 3983 766 4036 armos.
784 3989 850 4038 smn
878 3974 909 4038 in
930 3968 1109 4047 solitudine,
1143 3965 1235 4029 stab

154 4067 293 4135 omnibus
316 4071 466 4156 honoror,
488 4081 521 4141 et
542 4075 651 4143 in‘hao
675 4087 795 4161 aetate,
818 4099 885 4145 oum
908 4081 965 4143 sint
987 4093 1105 4154 senex,
1134 4072 1235 4136 mois·
1359 4135 1361 4144 ,
1465 4079 1467 4104 1

153 4218 409 4235 Μ*

175 4321 200 4393 1)
218 4327 266 4379 Sia
287 4333 440 4384 conscios
468 4334 577 4390 Nitriae
605 4341 751 4394 Macarius
765 4305 930 4407 ¹Aegyptias
945 4305 948 4312 Ι
961 4335 1094 4420 invisere*
1110 4331 1232 4388 solebat.

226 4419 262 4473 ci.
282 4420 356 4476 intra
374 4423 399 4490 s.
419 4422 461 4475 33.
