2974 4964
564 336 619 380 ''—-
671 325 720 400 75
774 369 818 383 ·-·

150 527 207 591 sibi
226 527 311 608 ipsas
330 526 399 610 Age
420 526 501 604 duna,
523 525 630 606 inquit,
652 534 792 608 nugator,
818 525 850 588 in
870 525 979 592 conith
1000 536 1134 594 vorator«
1153 536 1185 593 et
1214 529 1248 594 in

149 637 322 704 heluationc
344 626 454 702 senoni
477 635 624 712 Quamdiu
635 635 724 702 etiam
745 643 844 700 tecum
865 637 943 700 ero?
964 637 1147 718 Paphnutius
1168 605 1280 720 quo-⁹

148 765 208 831 que
219 748 331 814 Christi
343 765 452 812 servus
468 755 498 810 et
519 745 669 826 praeclari
690 746 779 812 huius
800 745 860 808 riri
879 745 1043 827 ¹dissipatus
1063 749 1138 814 haec
1159 749 1248 814 nohis

147 859 298 949 narravit:
328 857 474 933 Quodam,
502 857 607 938 inquit,
636 857 696 935 die,
727 875 819 938 quum
840 855 989 920 Macarius
1018 858 1098 922 domi
1126 859 1159 925 in
1178 859 1248 924 eolo

147 971 270 1035 sederet
283 967 314 1054 ⁸]
344 977 377 1032 et
401 969 530 1034 animum
551 969 616 1032 Deo
645 968 792 1033 intentum
813 968 951 1050 haberet,
979 969 1096 1050 hyaena
1117 970 1248 1034 catulum

147 1099 276 1146 caecum
302 1098 390 1144 suurn
419 1080 525 1158 attulit,
554 1088 585 1143 et
613 1080 691 1144 ostio
720 1079 805 1142 aune
835 1079 933 1160 cepite
963 1080 1081 1160 puhato
1109 1081 1248 1164 ingressa

148 1202 208 1274 est,
228 1193 280 1258 illo
302 1194 391 1256 etiam
412 1190 545 1256 sedente.
590 1189 683 1253 Cuius
705 1197 775 1254 ante
796 1189 889 1270 pedes
910 1203 981 1252 eurn
1001 1191 1137 1271 proiecit.
1170 1191 1249 1257 San-

149 1313 217 1370 ctus
245 1304 340 1386 igitur
365 1298 514 1365 Macarius
536 1319 629 1382 quum
657 1297 789 1364 catulum
818 1300 984 1380 accepisset
997 1305 1026 1378 ²)
1056 1302 1184 1384 eiusque
1215 1304 1249 1366 in

148 1415 255 1495 oculos
268 1415 409 1496 spuisset,
431 1413 537 1490 oravit,
561 1422 593 1478 et
613 1413 713 1494 statirn
733 1412 849 1486 catulus
861 1413 944 1478 vidit.
969 1417 1065 1490 Quem
1086 1432 1178 1496 quum
1199 1414 1248 1478 la-

146 1533 269 1600 ctasset,
291 1525 408 1608 hyaena
429 1525 511 1588 abiit.
555 1523 610 1586 Die
632 1530 732 1588 autem
743 1523 880 1604 sepienti
902 1525 1012 1605 pellem
1032 1543 1160 1608 magnae
1180 1523 1248 1588 ovis
1327 1528 1329 1543 '

145 1644 250 1702 sancto
272 1635 374 1698 Marco
405 1631 559 1718 attulit³),
582 1652 671 1715 quam
692 1630 813 1716 quidem
835 1635 943 1715 pellem
966 1636 992 1699 is
1021 1641 1126 1698 seneto
1148 1633 1248 1700 Atha·

145 1747 232 1812 nasio
255 1747 400 1828 episcopo
422 1745 559 1826 reliquit;
589 1745 677 1809 hecto
698 1753 797 1808 autern
818 1745 946 1808 Melania
968 1745 1040 1808 nrihi
1062 1745 1148 1824 dixit,
1174 1761 1249 1808 sea

146 1868 252 1923 sancto
264 1857 429 1925 Athanasio
450 1857 536 1920 illam,
553 1856 672 1937 pellem,
694 1874 770 1936 quae
791 1874 899 1920 munus
921 1856 1055 1938 hyaenae
1076 1855 1248 1936 appellaba·

146 1979 210 2050 tar,
232 1969 396 2048 accepisse.
440 1967 474 2032 ld
496 1977 594 2032 autem
616 1967 755 2032 dominns
776 1966 859 2048 feeit,
888 1977 923 2032 ut
945 1967 1113 2050 gloriosum
1133 1965 1248 2030 reddo-

148 2087 197 2143 ret
218 2095 342 2154 servum
364 2095 462 2158 suurn,
484 2078 563 2142 sicut
584 2079 672 2142 etiarn
694 2077 800 2144 inElia
814 2087 845 2142 et
865 2077 1028 2140 inDeniele
1049 2076 1131 2143 iecit.
1153 2077 1248 2140 Dice-

147 2188 238 2252 butur
259 2189 308 2252 hie
329 2197 461 2269 sarnus,
489 2207 530 2252 ex
551 2207 610 2270 quo
639 2189 805 2272 baptizatus
828 2197 920 2269 esset,
943 2189 1026 2252 humi
1047 2207 1113 2252 nou
1130 2189 1248 2269 spuisse

146 2317 202 2381 per
215 2301 380 2384 ‘sexaginta
401 2318 506 2366 annos.
550 2301 657 2365 Annos
679 2302 759 2364 eninr
782 2279 982 2383 quadraginta
1003 2307 1090 2366 natus
1111 2301 1248 2382 baptiza·-

146 2421 196 2477 tus
228 2409 329 2496 osv).
373 2412 493 2478 Statura
521 2421 620 2476 autern
659 2412 711 2475 illa
740 2422 837 2476 aetate
870 2413 943 2476 setis
975 2411 1088 2476 minute
1116 2429 1152 2474 ee
1178 2429 1248 2476 rara

146 2522 218 2598 [οἱα
245 2523 324 2603 pilos
346 2523 378 2584 in
400 2523 465 2586 solo
493 2523 579 2586 labro
600 2523 704 2587 habuit
726 2533 815 2602 atque
836 2523 868 2587 in
883 2539 1029 2602 ¹supreme
1050 2530 1137 2602 parte
1157 2521 1260 2586 menti,

146 2631 252 2694 hebuit
272 2648 395 2711 paucos.
439 2631 517 2694 Num
544 2639 669 2712 propter
694 2633 801 2698 nimios
823 2631 1049 2696 exercitationis
1069 2631 1190 2694 labores
1211 2647 1250 2692 ne

147 2743 345 2824 piliuquiden
367 2743 461 2807 menti
482 2743 555 2806 eius·
570 2743 650 2806 enati
671 2751 751 2807 sunt.
784 2743 871 2806 Hunc
892 2749 1030 2806 sanctum
1051 2742 1100 2806 dic
1121 2740 1249 2822 quodam

146 2855 279 2918 conveni
300 2853 389 2918 valde
410 2855 638 2936 enniuseuirno,
655 2862 703 2918 ot:
724 2854 822 2936 Abba,
844 2854 975 2940 inquam,
997 2851 1154 2936 Merce⁵),
1176 2851 1247 2932 quid

145 2965 270 3043 iaciam3
293 2983 362 3028 nam
383 2965 519 3050 affligunt
540 2987 589 3032 rnc
610 2965 810 3050 cogitationes
831 2968 1055 3032 insusurrantes
1076 2963 1164 3032 mihi:
1186 2962 1246 3030 Ni.-

145 3077 188 3142 hil
209 3069 283 3142 iacis
289 3097 299 3155 3
321 3077 432 3142 recede
454 3078 532 3146 hinc.
565 3077 776 3145 Sanctissimae
797 3077 918 3151 hiacus
939 3078 1010 3140 mihi
1030 3071 1246 3158 responditOr

145 3190 202 3254 Dic
220 3199 265 3270 tu,
291 3189 397 3272 inquit,
418 3187 652 3273 cogitationibus
676 3191 751 3254 tuis:
780 3191 908 3271 Propter
937 3187 1087 3254 Christum
1114 3186 1262 3270 parietes,

176 3503 206 3567 1)
229 3535 274 3554 .·.
293 3505 480 3576 καθεζομένου
507 3505 555 3556 τοῦ
571 3505 707 3573 μακαρίου
728 3503 812 3553 οἴκου.
857 3498 920 3556 Cori.
940 3499 1040 3552 chare:
1128 3469 1245 3559 καθεζο-1

224 3595 310 3661 μένου
328 3595 375 3644 τοῦ
392 3595 530 3664 μακαρίου
549 3594 594 3643 καὶ
615 3588 755 3643 α’θανάιου
773 3587 890 3660 μα’ρκου.

174 3691 205 3758 2)
229 3694 328 3746 Τοῦτον
347 3693 394 3746 τόν
414 3689 538 3763 σκύμνον
557 3692 648 3760 λαβών
668 3689 683 3742 ὁ
703 3687 952 3761 ἅγιος’Μακαριος“
968 3685 1032 3745 God.
1052 3687 1147 3742 chart:
1171 3689 1202 3737 T.
1222 3701 1243 3737 τ.

224 3809 266 3849 σκ.
285 3796 309 3846 t.
331 3793 347 3848 ὁ
366 3790 444 3865 ἅγιος
463 3789 588 3864 Μάρκος.
647 3794 650 3800 ’
737 3831 738 3840 ,

173 3893 205 3960 3)
220 3894 334 3966 Ἠνεγκε
353 3897 389 3964 cpi
410 3893 477 3966 ἁγίῳ
495 3891 592 3965 μάρκῳ
611 3900 719 3963 sterque
740 3891 832 3948 codex.

172 3993 204 4066 4)
227 4001 488 4068 Τεσσαρααονιαέτης
507 3998 560 4068 γὰρ
580 3995 739 4064 ἐβαπτίσθη.
781 3991 845 4052 cod.
872 3991 966 4049 oham:
997 3993 1026 4042 T.
1045 4007 1072 4059 y.
1093 3988 1245 4072 ἐβαπτίσθη

224 4097 239 4152 ὁ
258 4097 370 4170 γνήσιος
388 4101 435 4150 τοῦ
456 4100 576 4167 Χρίστου
597 4094 693 4156 δοῦλος
711 4094 826 4168 μάρκος.
1160 4115 1162 4120 ·

154 4227 158 4230 -
174 4199 204 4266 5)
221 4199 302 4270 lippo?
323 4199 416 4273 Μάρκε
437 4207 546 4268 uterque
565 4198 656 4252 codex.

175 4301 205 4372 6)
221 4303 405 4372 Ἀποκρίνειαί
422 4319 474 4374 μοι
494 4301 509 4354 ὁ
530 4299 676 4372 ἀνούτατος
694 4297 799 4371 μάρκος
819 4304 928 4364 uterque
948 4289 1041 4346 codex.
