2974 4964
576 345 820 421 ..q-r...

235 550 321 626 Quod
342 549 464 630 qnidam
493 567 563 612 cum
589 566 644 629 per
675 565 709 612 se
737 565 797 612 noo
819 549 979 613 abhorreat
999 567 1018 614 a
1039 550 1248 616 verisimilitu-

149 657 229 740 dine,
258 669 321 724 tum
354 667 441 724 textu
469 659 632 724 editionum
659 659 890 741 versionumquc
916 660 1058 725 historiae
1085 662 1248 726 Lausiacae

148 771 341 851 comprobari
362 771 493 835 videtur.
538 766 573 832 ln
595 778 680 834 textu
695 770 775 833 anim
788 770 923 850 bieursii,
944 770 1094 850 cotelerii,
1115 771 1248 836 oronto-

148 883 262 946 Ducaei
284 892 374 964 atque
396 883 428 945 in
451 882 593 946 versione
604 881 739 960 Herveti,
761 882 890 945 narratis
911 882 959 960 iis,
979 883 1087 963 quibus
1108 883 1138 945 in
1159 883 1255 948 codi-·
1310 879 1318 886 ⁴

149 995 236 1056 cibus
268 992 551 1057 vindobonensibus
585 992 709 1056 historia
741 991 864 1056 blacarii
896 993 1094 1056 Alexandrini
1136 994 1247 1074 linitur,

148 1106 280 1188 primurn
298 1106 429 1168 narratio
441 1103 595 1184 Paphnutii
617 1104 655 1168 de
677 1104 776 1166 catulo
799 1122 835 1168 ac
858 1105 936 1185 pelle
958 1106 995 1168 ab
1017 1100 1246 1186 hyaenaMuca-

150 1214 204 1278 rio
224 1215 428 1302 Alexandrino
455 1213 574 1293 oblatis,
607 1223 670 1277 tnm
692 1222 805 1293 cetera,
827 1215 955 1296 quaein
977 1213 1132 1278 codicibus
1153 1231 1249 1294 usque

150 1324 296 1386 adfinem
319 1324 422 1404 capitis
443 1325 602 1404 habentur,
625 1324 856 1406 subiunguntur.
900 1324 1015 1388 Deinde
1045 1333 1113 1406 post
1139 1325 1248 1386 verba:

150 1435 250 1513 ,llaec
263 1435 382 1515 quidem
404 1435 536 1499 emultis
551 1443 582 1498 et
596 1436 714 1520 magnis
736 1436 833 1518 signis
854 1453 889 1496 ac
911 1435 1123 1498 certaminibus
1144 1434 1248 1516 inclyti

147 1561 183 1606 ac
212 1543 324 1610 virtute
356 1544 485 1626 praediti
514 1541 656 1606 Masurii
685 1546 869 1629 significavi“
902 1546 1035 1610 eiusdem
1057 1545 1180 1612 Macarii
1208 1544 1247 1607 de

147 1654 260 1735 llarco,
288 1656 338 1718 cui
359 1656 541 1720 oblationem
569 1655 696 1739 angelus
724 1657 851 1736 dederit,
883 1656 1014 1720 narratio
1046 1656 1159 1740 legitur
1165 1673 1175 1730 ;
1210 1671 1246 1718 ao

147 1775 210 1830 tum
232 1766 351 1830 demam
373 1767 429 1832 sub
451 1767 566 1832 indice:
590 1767 785 1848 ,Dellarco“
802 1767 883 1830 hunc
901 1785 1004 1832 senem
1022 1785 1124 1832 sacras
1144 1767 1245 1848 scrip-

146 1887 232 1942 turas
253 1877 423 1954 edidicisse,
453 1877 580 1958 probum
603 1887 634 1942 et
654 1887 769 1944 castum
790 1877 883 1942 luisse
912 1889 942 1944 et
964 1888 1075 1956 cetera,
1106 1897 1184 1960 quae
1206 1877 1245 1942 de

43 2009 49 2014 ·
147 1989 243 2052 blarci
264 2006 368 2052 secum
389 1996 420 2051 et
442 2005 511 2051 cunr
533 1987 651 2052 diabolo
671 1990 884 2053 certaminibus
906 1989 1067 2069 attulimus,
1088 2007 1186 2070 usque
1208 1987 1246 2052 ad

148 2100 256 2162 verba:
281 2099 445 2178 ,Quamdiu
467 2101 555 2189 etiam
579 2107 675 2164 tecum
697 2101 772 2164 ero“
796 2109 973 2182 sequuntur.

232 2208 316 2292 Ergo
338 2209 369 2272 in
389 2209 570 2274 editionibus
591 2211 711 2296 graecis
725 2210 870 2275 historiae
883 2209 1045 2274 Lausiacae
1066 2219 1097 2274 et
1118 2209 1148 2273 in
1170 2227 1246 2274 ver-

142 2320 228 2382 sione
242 2319 368 2384 llerveti
382 2321 508 2382 maxima
519 2339 589 2402 pars
600 2322 716 2402 capitis,
730 2322 810 2402 quod
832 2322 863 2384 in
877 2321 1031 2386 codicibus
1046 2321 1109 2401 ,De
1120 2321 1243 2386 blarco“

142 2428 318 2518 inscriptum
333 2440 391 2510 est,
402 2431 439 2494 ad
449 2432 611 2496 Macarium
621 2432 858 2498 Alexandrinum
871 2432 1017 2515 refertur3
1031 2433 1147 2516 reliqua
1158 2449 1245 2512 vero,

144 2557 222 2622 quac
244 2541 283 2603 de
303 2541 406 2604 blarco
428 2551 535 2624 agunt,
555 2560 635 2605 novo
659 2543 756 2622 capite
777 2542 1083 2622 comprehenduntur.

232 2651 332 2713 Aliter
353 2669 427 2713 vero
450 2667 484 2712 se
503 2649 594 2714 babet
615 2651 645 2712 in
659 2649 801 2713 Paradiso
823 2657 912 2730 atque
933 2651 964 2712 in
986 2651 1128 2714 versione
1147 2651 1247 2718 histo-

144 2759 212 2824 riae
237 2759 401 2824 Lausiacae
434 2760 562 2840 antiqua.
617 2759 652 2822 ln
681 2759 789 2840 quibus
817 2761 1004 2824 narrationes
1031 2761 1135 2844 capitis
1166 2762 1246 2826 illius

142 2872 252 2936 eodem
275 2889 400 2953 prorsus
421 2871 531 2938 ordine
552 2882 720 2962 sequuntur
742 2879 832 2954 atqua
852 2874 883 2936 in
912 2873 1066 2938 codicibus
1088 2873 1245 2938 Vindobo-

142 2983 297 3048 nensibus.
357 2981 463 3061 Neque
491 3000 566 3046 vero
599 2982 758 3046 Paradisus
793 2983 851 3046 sibi
883 2991 1017 3064 constat,
1050 2984 1100 3066 qni
1131 2985 1244 3065 pariter

142 3103 233 3176 atque
254 3094 353 3158 codex
374 3096 617 3158 membranaceus
639 3093 882 3184 vindobonensis
915 3113 1025 3158 nomen
1051 3096 1131 3159 senis
1153 3096 1243 3159 modo

141 3205 387 3284 Marcum,modo
399 3205 561 3270 biccarium
583 3205 704 3271 indicat.
730 3204 805 3295 Nam
820 3198 910 3285 quum
932 3205 1060 3286 primum
1078 3206 1116 3268 de
1131 3202 1243 3266 Murco

141 3327 306 3396 narrasset,
329 3310 433 3397 {testea
458 3317 575 3380 scribit:
603 3315 669 3396 „Ad
698 3315 778 3380 bunc
801 3311 979 3400 [Marcum]
1001 3335 1069 3380 cum
1090 3316 1243 3380 venissem

140 3426 351 3510 diceremque:
372 3428 458 3492 Abba
474 3423 620 3488 Moruni.
645 3469 652 3486 .
678 3473 685 3490 .
710 3427 752 3504 .“,
774 3426 889 3488 tamin
912 3426 971 3490 line
993 3427 1117 3506 capitis:
1143 3427 1243 3506 „llaec

139 3554 237 3617 pauca
250 3539 288 3602 de
302 3539 401 3606 multis
423 3558 461 3602 ex
483 3537 569 3602 lactis
591 3537 687 3600 sancti
700 3531 840 3598 Masurii
862 3537 911 3600 vel
933 3537 1019 3602 dictis
1043 3537 1239 3620 significavi.“

139 3647 254 3711 Contra
275 3649 306 3710 in
328 3649 470 3712 versione
492 3647 635 3712 historiae
651 3647 815 3711 Lausiacae
836 3647 955 3729 antiqua
976 3657 1073 3712 toturn
1095 3659 1183 3730 caput
1203 3648 1242 3712 ad

139 3754 322 3821 Maeotiam
344 3759 489 3838 refertur,
519 3758 570 3840 qui
592 3757 721 3821 Palladio
749 3766 821 3822 ante
846 3759 950 3821 cellam
977 3759 1042 3822 eius
1064 3759 1189 3822 sedente
1210 3767 1241 3824 et
1332 3809 1338 3814 .

139 3871 326 3936 auscultante
347 3889 449 3935 secum
472 3879 502 3934 et
524 3889 592 3934 curn
614 3870 732 3934 diabolo
754 3871 811 3936 ista
833 3870 1038 3934 confabulatus
1060 3869 1109 3947 sit,
1139 3877 1170 3930 et
1191 3869 1241 3932 cui

138 3981 226 4062 plane
248 3983 356 4060 omnia,
379 4000 455 4063 quae
477 3983 573 4063 capite
595 3981 647 4046 itto
668 3981 826 4060 habentur,
849 3982 1037 4045 conveniant.
1081 3978 1187 4057 Neque
1207 3979 1240 4043 in

139 4108 175 4154 ea
196 4092 290 4156 llarci
312 4093 423 4156 mentio
451 4093 493 4172 lit,
517 4094 574 4157 nisi
603 4103 646 4172 ut,
675 4067 754 4174 quae
775 4093 923 4158 blacarius
953 4090 991 4152 de
1022 4105 1060 4150 eo
1090 4087 1239 4170 retulerit,

138 4209 315 4279 narrantum
345 4203 454 4284 quibus
476 4205 648 4287 adiungitur
670 4205 815 4283 Marcum,
844 4219 936 4283 quum
957 4197 1075 4262 iuvenis
1097 4208 1190 4280 esset,
1211 4217 1236 4266 s.

137 4311 302 4393 scripturas
324 4313 483 4378 edidicisse
505 4324 535 4380 et
556 4316 716 4399 insigniter
734 4321 921 4378 mansuetum
943 4319 974 4374 et
994 4317 1111 4376 castum
1131 4311 1236 4378 luisse.
