2974 4964
544 373 834 446 -ltt-

148 596 263 660 lncncio
297 594 364 675 qnia
397 587 579 654 miserabilis
614 585 779 651 monachos
811 603 977 652 commem
1010 584 1080 652 mili
1106 587 1231 654 iniurias

146 701 233 778 lacit,
266 699 323 763 scd
350 705 382 762 ct
405 713 465 782 ego
488 694 594 779 plagas
617 692 658 757 illi
681 711 739 776 pro
759 693 862 756 vorbis
884 693 1022 774 imposui.
1067 693 1149 758 Tunc
1172 711 1233 776 ap-

146 809 339 892 prehendens
365 805 464 889 pedes
491 803 575 868 beati
597 801 722 864 llacarii
750 800 899 865 clamabat
929 799 1054 868 omens:
1086 801 1152 866 Nisi
1182 821 1232 866 me

145 918 324 984 monachum
361 905 489 993 loceris,
529 927 591 975 non
631 909 788 974 desistam.
854 909 1085 993 Pergentesqoc
1119 911 1232 993 pariter

145 1031 295 1089 venerunt
317 1023 355 1086 ad
377 1021 487 1100 locam,
513 1019 564 1083 alti
587 1035 698 1082 caesos
720 1015 817 1082 irater
830 1017 967 1110 iacebat}
1005 1019 1232 1097 Quemntriquc

146 1130 310 1209 tollentes,
342 1129 483 1208 qnoniam
505 1121 673 1210 gnadlmon
696 1127 835 1206 poterat,
857 1123 996 1186 manibus
1017 1124 1048 1189 in
1070 1121 1232 1188 ecclesiam

146 1235 345 1319 pertulerant.
405 1233 479 1298 Gom
502 1236 603 1294 autem
625 1228 739 1293 frames
761 1229 915 1295 vidissent
937 1227 1130 1295 sacerdotem
1152 1227 1233 1301 illum

145 1349 270 1412 lentum
300 1346 464 1409 llaoarium
497 1343 706 1418 comitantem,
742 1338 903 1422 stupefacti
937 1357 1004 1401 cum
1036 1336 1233 1405 consancta

146 1450 325 1516 monachum
347 1450 428 1514 illum
451 1450 621 1532 perficiunt,
644 1452 677 1510 et
698 1444 785 1510 multi
805 1450 931 1528 propter
953 1443 1035 1508 illum
1057 1447 1233 1530 ennagonis

146 1561 218 1624 iacti
250 1567 322 1624 sont
351 1557 524 1622 christiam.
573 1555 702 1620 Dicebat
735 1573 814 1639 ergo
844 1554 939 1618 atlas
965 1554 1132 1634 lltcarins,
1164 1555 1234 1633 onie

146 1683 250 1730 sermo
283 1665 434 1749 superbos
466 1671 499 1730 ct
528 1663 625 1732 malos
657 1665 749 1728 ctiam
765 1645 879 1726 ¹ltonos
911 1661 995 1726 viros
1022 1663 1175 1726 convertit
1196 1659 1234 1726 ad

145 1774 271 1853 malum,
302 1791 406 1838 sermo
425 1789 502 1838 vero
526 1771 645 1836 lnnmilis
677 1771 829 1836 othonus
851 1771 943 1834 etiam
964 1769 1061 1835 malos
1084 1776 1181 1834 mutat
1203 1773 1234 1834 ln

144 1881 276 1944 meliust
291 1879 329 1958 ¹).
389 1879 503 1944 Eadem
535 1883 617 1945 inter
647 1879 912 1964 Apophthegmata
945 1879 1025 1963 apud
1046 1881 1232 1946 Gotclerinm
1298 1895 1308 1916 ·

135 1987 307 2072 «leguntur,
352 1987 406 2052 uli
427 1963 650 2070 itn‘incipinnta
674 1986 842 2069 „Dixeront
859 1987 1024 2052 llacaninm
1051 1986 1235 2072 Aegyptiam

148 2096 289 2161 ablatem
302 2095 494 2177 aliquandoe
517 2096 610 2162 Scato
629 2095 852 2160 ascendissem
872 2101 1007 2162 amntem
1018 2093 1236 2178 Nitriae...“²);

146 2211 251 2271 cetera
274 2223 348 2270 vero
371 2210 514 2270 accurato
536 2223 604 2270 cum
625 2205 685 2270 illis
705 2199 901 2273 conveniemt.

237 2313 371 2395 „Albas
407 2313 559 2379 Macarius
598 2311 667 2378 dnm
702 2313 871 2378 ambularet
904 2315 935 2378 in
967 2311 1109 2393 decemo,
1144 2316 1235 2395 capnt

145 2407 301 2482 cuiusdam
327 2418 458 2484 hominis
484 2417 599 2484 aridum
624 2422 740 2483 invenit
766 2422 797 2483 in
823 2426 916 2485 temo.
961 2419 1049 2496 Quod
1071 2423 1234 2501 postquam

102 2568 105 2607 3
144 2527 255 2591 laculo
277 2527 335 2591 suo
357 2523 521 2606 convertit,
542 2540 650 2588 vocem
660 2526 759 2589 visum
771 2526 985 2590 estemittcnc.
1028 2521 1116 2600 Quod
1127 2537 1237 2600 senon,

147 2636 288 2714 quisnam
311 2639 414 2713 esset,
446 2634 628 2716 interrogat
681 2630 727 2695 At
743 2631 796 2695 ille
817 2630 993 2717 respondit:
1025 2631 1093 2715 Ego
1115 2629 1235 2712 qmdem

144 2744 293 2826 princeps
323 2761 406 2806 eram
432 2740 627 2806 sacerdotum
649 2740 815 2820 idolorum,
849 2741 901 2821 qui
921 2742 953 2806 ln
973 2739 1033 2805 hoc
1054 2741 1125 2805 loco
1146 2739 1236 2804 habi-

145 2853 262 2918 tabant.
307 2853 476 2918 luentem
498 2867 534 2915 es
557 2849 652 2914 abbas
662 2849 815 2914 Macarius
839 2851 948 2933 spililn
970 2849 1073 2915 divino
1087 2849 1234 2934 repletas.

147 2961 335 3040 Quacumque
363 2959 441 3021 enim
472 2955 549 3020 hona
564 2957 721 3020 'misertas
743 2972 849 3018 eorum
870 2953 979 3034 laenis,
1011 2957 1113 3036 quiin
1134 2971 1236 3039 poena

147 3069 239 3144 sunt,
274 3069 306 3128 ct
331 3081 389 3147 pro
418 3063 465 3127 eis
487 3065 644 3142 oraveris,
675 3063 917 3126 consolationem
939 3061 1069 3144 aliquam
1090 3063 1235 3128 sentiunt.

148 3169 203 3233 cni
216 3185 329 3233 senex:
341 3169 381 3233 Et
394 3185 474 3250 qnae
487 3175 539 3236 est
553 3167 725 3234 consolatio
738 3173 845 3236 vestra
856 3167 906 3234 vel
918 3168 1235 3254 poenal'rcsponde.

147 3277 191 3342 At
210 3274 261 3340 ille
284 3275 374 3342 altius
396 3279 622 3362 ingemiscens:
635 3278 811 3357 Quantum,
829 3277 940 3358 inquit,
963 3275 1081 3342 coelum
1102 3275 1196 3342 distat
1217 3291 1235 3337 a

107 3457 119 3474 a
147 3389 244 3464 terra,
266 3387 383 3448 tantum
405 3385 494 3469 ignis
509 3389 561 3450 est
580 3383 670 3465 alais,
692 3385 723 3446 in
746 3399 807 3464 quo
829 3382 930 3445 medio
954 3397 1058 3446 sunus
1076 3378 1234 3464 apedibus

147 3511 248 3574 usque
283 3492 321 3558 ad
353 3500 444 3578 caput
470 3492 603 3574 undique
626 3491 756 3579 perfusi,
777 3509 836 3555 nec
861 3491 999 3571 cuiquam
1023 3487 1096 3554 licet
1119 3485 1234 3550 ¹facicm

147 3603 276 3674 alterius
308 3605 438 3685 intueri,
471 3601 529 3672 sed
561 3603 655 3668 lacios
687 3609 795 3668 nostro
829 3601 923 3694 dorso
951 3603 1132 3666 coniunctae
1155 3605 1234 3664 sunt.

146 3709 222 3804 Cum
245 3730 321 3797 ergo
344 3730 416 3778 onas
439 3731 495 3796 pro
517 3712 617 3792 nobis,
651 3717 799 3794 exparte
821 3709 958 3780 videmus
980 3710 1179 3787 alterutrum,
1202 3713 1235 3770 ct

148 3821 207 3914 hoc
237 3822 327 3886 nobis
361 3841 417 3907 pro
450 3821 664 3888 consolatione
691 3829 822 3887 constat.
858 3822 930 3888 llis
953 3821 1063 3887 motis
1091 3820 1233 3883 lacrimas

149 3930 225 3995 ludit
246 3929 371 3996 dicens:
394 3931 457 3997 Vae
485 3931 544 3998 dici
564 3929 669 4014 illota
684 3943 752 4017 'ooo
774 3931 865 3997 homo
886 3932 1027 3998 mandata
1049 3929 1105 3995 Dei
1126 3931 1233 3991 trans-

155 4093 416 4110 w

170 4191 196 4260 i)
213 4195 277 4250 vv.
296 4193 348 4252 ΡΙ.
368 4203 466 4255 licsw.
484 4198 534 4255 llo.
551 4203 593 4253 lli
610 4215 672 4268 cala.
693 4203 743 4256 tan
762 4219 793 4270 pe
808 4201 873 4270 518,
892 4201 917 4253 t.

168 4287 198 4353 2)
218 4289 343 4442 goulet.
361 4297 439 4350 lton.
453 4297 532 4351 llccl.
544 4299 645 4353 Graec.
665 4299 718 4350 ’Μ
737 4313 762 4362 p.
773 4297 825 4360 5⁴⁷
844 4309 867 4350 s.
878 4309 905 4347 v.
921 4289 1234 4358 uaeanmnemttas

241 4414 247 4428 .
266 4379 386 4434 xxxix.
711 4397 715 4404 ’
