2974 4964
679 347 924 424 ..82-

336 551 437 634 Atque
458 550 616 630 Batonius,
645 549 862 627 'tillemontium
892 548 1000 627 ceteri,
1028 556 1062 613 ut
1083 547 1243 612 Palladium
1264 550 1349 612 Lau·-

254 662 353 727 siaene
373 661 554 742 scriptorem
576 661 705 726 cundem
727 657 863 724 iacerent
891 677 960 724 curn
975 659 1034 722 -illo
1054 659 1244 741 Helenopolis
1265 661 1349 741 epis-

252 789 341 853 copo,
369 773 532 855 praecipue
552 771 628 834 loeis
650 769 825 851 quibusdum
851 769 929 838 ttist.
950 771 1111 835 Lausiacae
1131 771 1246 834 inducti
1266 783 1348 854 sunt,

254 899 330 963 quos
352 884 501 965 genuinos
521 887 591 948 esse
612 882 666 945 vix
687 889 772 946 certo
786 887 912 950 constat.
956 881 981 946 ll
1003 899 1131 963 quorum
1151 899 1279 948 numero
1302 896 1350 952 est

253 993 339 1056 locus
361 993 504 1072 Paradisi,
525 1010 597 1073 quo,
618 1000 775 1073 postquam
795 993 952 1074 prophetia
973 993 1098 1058 loannis
1119 994 1151 1058 in
1168 993 1261 1077 Lyco,
1282 997 1349 1059 Pal·

252 1103 364 1166 ludium
386 1105 559 1184 episcopum
580 1103 657 1184 iore,
686 1112 807 1196 narrata
836 1112 893 1184 est,
922 1104 997 1168 baec
1017 1104 1176 1187 leguntur:
1207 1105 1261 1185 „ln
1287 1123 1349 1186 quc

252 1215 459 1301 (episcopatu)
481 1213 666 1294 tempestatis
687 1211 778 1292 illius,
811 1231 888 1294 qnae
919 1215 976 1277 sub
998 1221 1102 1278 sancto
1124 1215 1240 1278 Joaune
1260 1232 1349 1279 eom-

253 1332 336 1388 mota
356 1333 435 1407 sunt,
456 1318 582 1388 interlui
602 1324 705 1387 rna'lis“
722 1330 757 1402 ι).
801 1321 885 1388 ldem
907 1325 1035 1388 babetur
1064 1325 1185 1406 quidem
1206 1328 1293 1392 etiarn
1314 1328 1348 1390 in

254 1451 365 1518 graeco
386 1433 511 1497 lleursii
533 1437 674 1512 tertu2);
707 1435 761 1498 sed
783 1436 933 1499 llervetus
952 1436 1026 1499 haec
1047 1437 1178 1517 profert:
1206 1437 1259 1516 „ln
1277 1456 1348 1502 eum

256 1563 362 1608 casum
383 1544 485 1622 incidi,
507 1562 596 1624 quem
615 1543 747 1608 Joannes
770 1543 822 1630 [in
836 1543 941 1630 Lyco]
963 1547 1171 1627 praedixerat“
1186 1551 1223 1626 ⁵).
1264 1551 1350 1624 Quae
1371 1556 1376 1564 '

254 1655 375 1735 quidem
395 1655 497 1735 lectio,
519 1674 610 1736 quum
631 1665 695 1720 tcto
709 1656 814 1736 'capite
836 1656 874 1719 de
895 1657 1012 1720 Joanne
1039 1659 1070 1720 in
1091 1658 1173 1742 Lyco
1193 1668 1348 1760 narretur,
1470 1711 1471 1716 1

255 1766 440 1846 probabilior
461 1765 590 1834 videtur.
634 1765 814 1852 (Quomodo
836 1767 956 1832 codices
978 1767 1227 1834 vindobonenses
1247 1771 1348 1833 locum
1470 1803 1471 1874 ζ

252 1875 423 1955 exbibeunt,
443 1895 506 1940 non
528 1875 727 1960 examinavi.)
771 1877 887 1942 Rursus
909 1887 940 1942 et
960 1879 1107 1944 Batonius
1130 1887 1161 1944 et
1182 1879 1348 1944 'l'lllemon-
1470 1885 1471 1900 ¹

252 1987 313 2052 tius
343 1987 515 2068 tradunu),
536 1987 717 2067 scriptorem
746 1989 821 2053 Hist.
843 1989 1005 2052 Lausiacae
1024 1991 1137 2054 Romae
1166 1991 1204 2054 ob
1226 2009 1347 2055 causam

252 2095 376 2162 Joannis
397 2097 647 2184 (chrysostomi)
669 2108 835 2164 morantem
861 2119 880 2162 a
901 2101 1024 2165 Piniano
1045 2101 1191 2166 lllelaniae
1217 2101 1347 2168 iunioris
1470 2119 1471 2122 ’

252 2210 359 2272 marito
381 2218 540 2290 exceptum
559 2227 635 2278 esse.
680 2211 766 2286 Quod
788 2211 907 2292 quidem
928 2213 961 2274 in
981 2213 1113 2276 editione
1133 2213 1295 2292 lleursii⁵)
1317 2224 1349 2280 et

253 2318 285 2382 in
299 2319 441 2384 Paradiso
452 2325 479 2399 ⁶)
500 2320 623 2403 legitur,
644 2321 700 2385 sed
712 2321 797 2384 deest
818 2322 849 2386 iu
864 2322 1017 2387 codicibus
1028 2323 1311 2388 vindobonensibus
1321 2329 1350 2402 ²)

252 2437 283 2492 et
304 2429 336 2492 in
357 2433 479 2512 antiqua
507 2431 657 2498 versione.
703 2432 838 2514 Denique
860 2433 1063 2498 'lillemontius
1092 2435 1247 2500 historiam
1268 2435 1351 2498 Lau-

252 2541 363 2604 siacam
383 2541 414 2604 in
437 2542 591 2606 codicibus
613 2537 766 2604 Palladio
780 2539 985 2622 Helenopolis
999 2543 1156 2624 ‘episeopo
1178 2546 1269 2610 tribui
1290 2543 1350 2608 do·
1470 2621 1471 2628 ἵ

147 2658 160 2708 “.
252 2655 350 2732 cet³),
381 2653 462 2734 quod
489 2672 551 2716 non
573 2654 694 2716 omnino
714 2672 828 2718 *verum
857 2665 919 2731 est3
953 2674 1020 2718 nam
1048 2656 1169 2720 codices
1190 2656 1349 2722 Vindobo-

252 2781 363 2827 nenses
384 2783 451 2828 eam
473 2757 626 2856 Palladio
647 2761 796 2844 episcopo
817 2767 983 2830 inscribunt
993 2771 1031 2844 9).

330 3074 387 3112 eun
406 3059 494 3112 verbis
519 3059 617 3130 dialogi
632 3061 664 3127 (l.
683 3063 702 3120 l.
721 3079 747 3131 p.
770 3064 848 3132 300),
869 3079 921 3135 qno
940 3073 994 3118 turn
1013 3067 1146 3121 tunulum
1166 3074 1273 3136 propter
1285 3065 1349 3120 (lci-
1470 3033 1471 3100 Ϊ

331 3162 389 3198 narn
402 3147 538 3200 barbarum
556 3149 637 3202 fuisse
657 3152 774 3218 traditur,
795 3170 880 3223 neque
901 3171 957 3207 cum
977 3163 1030 3208 tota
1050 3159 1107 3225 eius
1127 3159 1249 3224 temporis
1268 3156 1349 3209 chro-

328 3235 435 3303 nologia
454 3239 584 3290 convenit.

283 3325 310 3388 1)
329 3325 422 3382 Parad.
443 3341 499 3392 cap.
523 3329 568 3380 22.
592 3329 646 3386 vv,
665 3327 715 3386 PP.
737 3330 826 3386 liosw.
846 3346 871 3398 p.
893 3331 958 3388 000.
998 3329 1037 3384 cf.
1069 3333 1174 3386 Beronii
1202 3333 1288 3390 annul.
1314 3333 1348 3386 ad

327 3429 388 3466 ann.
412 3415 477 3472 388.
509 3415 659 3474 ‘Tillemcnt
680 3419 919 3476 lldmoiresl'.ll1
940 3436 966 3486 p.
987 3422 1053 3478 516.

158 3561 161 3566 ¹
279 3501 308 3568 0)
332 3502 398 3559 llist
420 3503 497 3556 Laus.
519 3505 561 3556 ed.
584 3507 678 3558 bleurr.
700 3524 757 3574 cap.
780 3504 825 3564 44.
847 3505 913 3574 opp.
936 3510 1031 3564 Meure.
1053 3511 1069 3567 l.
1090 3511 1107 3567 l.
1128 3526 1153 3577 p.
1172 3507 1240 3566 472.

278 3590 307 3656 3)
327 3591 394 3648 thid
414 3608 439 3658 p.
460 3589 525 3652 471.
565 3595 619 3652 VV.
639 3595 687 3653 PP.
707 3597 795 3654 llosw.
815 3595 861 3648 lib.
884 3597 945 3654 Vlll
966 3615 1023 3666 cap.
1037 3597 1081 3653 dc
1101 3615 1127 3666 p.
1151 3596 1215 3664 740,
1237 3601 1272 3654 2.-

277 3673 307 3742 dt
327 3679 421 3738 Boron.
442 3682 527 3738 annal.
547 3683 580 3734 nd
601 3699 658 3741 anu.
680 3685 746 3738 388.
788 3685 931 3738 Tillemont.
952 3675 1089 3742 bidmoires
1109 3689 1136 3748 Τ.
1156 3689 1193 3741 Xl
1212 3705 1237 3756 p.
1260 3689 1327 3745 515.

278 3767 308 3836 ⁵)
329 3771 396 3836 litat
416 3771 494 3826 Laus.
516 3773 671 3829 addictus
693 3790 750 3842 cap.
774 3774 836 3831 123.
858 3773 925 3844 opp.
946 3779 1041 3836 leurs
1060 3779 1078 3836 l.
1098 3778 1115 3836 l.
1134 3795 1163 3846 p.
1181 3767 1247 3834 004

277 3861 305 3926 0)
326 3858 388 3928 (hp.
408 3859 445 3918 49
467 3863 522 3919 vv,
542 3861 591 3916 Pl’.
613 3863 701 3920 llcsw.
721 3879 746 3930 p.
769 3863 835 3928 980,
859 3871 883 3920 l.
1023 3935 1026 3942 Δ

269 3951 308 4015 l)
330 3949 369 4008 Cf.
389 3952 517 4018 Descript.
539 3951 617 4008 codd.
645 3944 864 4010 vindotb.'ltnt.
885 3954 1026 4010 Lcusiacne
1045 3955 1114 4010 iufra
1138 3956 1347 4023 ruoppertus.

278 4039 308 4104 8)
329 4041 463 4121 llemoircs
484 4039 500 4092 l
522 4040 540 4097 l.
560 4056 586 4106 p.
609 4041 675 4094 500.
710 4073 714 4078 ·

276 4125 308 4190 9)
326 4129 504 4200 Ἆπίγραφον
524 4129 665 4194 inconnivis
675 4134 824 4202 γραφείσης
834 4129 939 4203 Andro
957 4135 1131 4206 πραιποσὶιῳ
1148 4134 1245 4205 παρὰ
1255 4137 1349 4188 Παλ-

307 4215 454 4270 ,λαδίου
473 4215 680 4274 ἐπισκόπου
698 4222 843 4290 περὶβίου
861 4219 1009 4293 διαφόρων
1027 4222 1177 4288 desperetis(
1196 4225 1242 4276 καὶ
1262 4223 1348 4280 ὁσίων

326 4309 445 4376 παιριόν.
485 4305 525 4362 Gi.
545 4307 675 4376 Descript.
695 4309 772 4364 codd.
793 4309 925 4367 Vitttlobb.
944 4311 1014 4368 inira
1033 4313 1062 4371 is
1077 4311 1245 4380 dopmno.
