2990 4986
686 375 932 448 ..18-

261 573 411 640 invisisse.
455 573 556 654 Atque
576 573 625 636 irie
646 575 711 654 ipse
733 574 771 638 de
793 573 889 637 Nitria
909 582 942 638 et
963 573 1002 638 de
1022 574 1152 638 Macerio
1182 592 1199 637 a
1226 591 1260 638 se
1281 574 1359 639 visi-

261 685 331 750 tatis
350 686 381 748 in
410 681 565 749 invectiva
586 685 630 748 H:
656 685 751 768 ,Ege
773 686 880 767 inquit,
912 685 964 766 qui
991 701 1047 749 sex
1074 687 1159 750 annis
1185 686 1241 750 Dei
1270 703 1360 750 causa

260 805 463 862 commoratus
499 814 566 860 sum
593 805 625 861 et
652 797 761 860 iterum
793 805 864 877 post
890 795 1081 860 intervallum
1107 797 1221 878 aliquot
1242 797 1360 877 diebus,

259 910 312 973 uhi
332 909 477 992 Didymus
500 953 509 968 .
532 957 541 976 .
564 955 573 973 .
598 955 604 970 .
628 916 661 972 et
679 915 715 971 ut
735 907 774 970 ad
795 908 890 970 eremi
910 909 1073 990 magistros
1094 909 1223 990 veniam,
1251 910 1360 991 quibus

260 1032 291 1087 et
313 1021 454 1086 attentius
476 1027 507 1082 et
528 1017 715 1100 frequentius
737 1019 929 1098 vacabamus,
960 1019 1013 1081 ubi
1040 1018 1206 1097 Macarius,
1234 1019 1361 1084 Antonii

260 1131 436 1213 discipulus,
457 1139 487 1194 11
509 1131 586 1194 alter
607 1130 756 1194 Macarius
785 1137 817 1193 et
846 1129 981 1193 isidorus
1010 1139 1041 1194 et
1061 1130 1188 1194 Pambus
1211 1171 1219 1188 ·
1241 1180 1250 1198 .
1272 1131 1300 1193 .“
1316 1127 1358 1212 ¹).

260 1244 320 1308 Sex
342 1245 393 1308 isti
415 1243 494 1320 anni,
517 1242 556 1304 de
576 1243 684 1321 quibus
704 1240 848 1321 loquitur,
877 1241 949 1320 quin
969 1241 1177 1322 migrationem
1203 1240 1299 1321 ipsius
1320 1257 1359 1304 ex

258 1355 400 1438 Aegypto
420 1354 451 1415 in
468 1353 662 1416 Palaestinam
677 1351 903 1429 antecesserint,
924 1349 1045 1412 dubium
1060 1367 1128 1414 esse
1149 1350 1261 1431 nequit.
1282 1349 1361 1414 istos

258 1485 379 1550 quoque
400 1463 512 1543 aliquot
533 1463 608 1542 dies,
636 1463 705 1543 quia
726 1461 874 1525 Palladius
894 1459 1044 1540 Rufinum,
1075 1459 1216 1542 Aegypto
1242 1461 1360 1540 relicta,

191 1557 193 1566 ¹
258 1575 477 1658 Hierosolymis
501 1589 562 1636 una
591 1589 660 1636 cum
687 1573 816 1638 Melania
848 1572 970 1656 degisse
998 1569 1155 1658 narrat²],
1177 1573 1209 1635 in
1236 1571 1360 1636 alteram

270 1752 499 1766 Ψ*-

288 1849 316 1920 1)
338 1848 404 1916 Opp.
426 1849 530 1902 Hieron.
551 1845 592 1903 ed.
612 1845 711 1899 Bened.
734 1845 761 1902 t.
782 1843 820 1899 lV
842 1846 870 1902 P,
891 1849 918 1898 ll
938 1862 963 1914 p.
985 1843 1051 1900 411.

284 1939 314 2006 2)
336 1939 402 1993 Hist.
413 1935 489 1988 Laus.
506 1933 547 1989 ed.
557 1935 651 1990 Meurs.
663 1951 719 2001 cap.
735 1933 789 1987 119
802 1931 869 2002 Opp.
884 1935 978 1987 Meurs.
989 1935 1008 1987 l.
1019 1935 1025 1986 1
1038 1951 1063 2002 p.
1074 1935 1136 1989 596.
1159 1935 1290 1988 Palladius
1305 1946 1360 1990 tra-

334 2027 409 2091 didit,
426 2027 564 2091 „Rudinum
576 2023 764 2090 Hierosolymis
782 2025 874 2090 vigiuti
894 2031 992 2090 septem
1011 2039 1093 2076 annos
1111 2041 1161 2078 una
1180 2041 1236 2078 euru
1248 2027 1361 2080 Melania

336 2117 453 2184 hospites
475 2117 590 2186 undique
605 2114 774 2166 adventantes
793 2114 957 2180 excepisset
977 2114 1052 2178 Quod
1071 2130 1122 2166 non
1143 2117 1246 2168 omniuo
1270 2133 1360 2169 verum

337 2221 396 2257 esse
429 2214 524 2272 potest.
573 2203 636 2258 Ham
655 2203 762 2256 Rufinus
783 2204 833 2254 iam
861 2202 926 2256 duos
958 2218 1039 2254 annes
1069 2203 1213 2272 Aquileiam
1239 2222 1361 2258 reversus

334 2294 473 2347 Anastasio
483 2295 569 2360 Papae
581 2307 648 2344 anuo
669 2291 723 2345 391
747 2292 866 2358 scripsit,
889 2307 938 2356 „se
959 2300 1019 2358 post
1037 2293 1141 2360 triginta
1160 2310 1241 2346 annos
1263 2312 1361 2362 paren-

335 2382 405 2434 tibus
417 2381 543 2433 redditum
554 2383 643 2433 esse“.
675 2380 782 2432 Hieron.
801 2379 878 2446 Apol.
890 2383 927 2436 ΙΙ.
957 2377 1025 2446 Opp.
1040 2381 1146 2434 Hieron,
1160 2383 1201 2438 ed.
1218 2383 1318 2441 Bened.
1333 2385 1361 2442 'l'.

335 2474 375 2524 lv
385 2487 410 2538 p.
421 2471 486 2527 389.
503 2469 572 2528 idem
585 2469 753 2521 iereliuflnus
765 2470 869 2535 saepius
883 2471 910 2520 iu
920 2467 1061 2521 invectivis
1072 2469 1156 2526 tradit.
1176 2471 1243 2528 ibid.
1255 2487 1281 2540 p.
1291 2475 1361 2528 376.

334 2559 406 2628 Ergo
420 2560 547 2625 Melinum,
559 2561 602 2628 qui
619 2561 646 2610 in
657 2559 779 2627 Aegypto
790 2573 836 2624 per
847 2559 997 2610 sexenuium
1008 2558 1089 2626 degit,
1101 2558 1159 2626 plus
1171 2575 1254 2612 annos
1267 2564 1361 2630 viginti

336 2647 402 2700 duos
424 2648 613 2715 Hierosolymis
642 2649 742 2700 vixisse
763 2653 841 2698 statui
861 2648 957 2714 nequit.
998 2646 1033 2699 At
1052 2663 1124 2699 error
1144 2649 1252 2700 Palladii
1283 2651 1362 2702 iacil-

333 2735 394 2787 11111
414 2738 475 2788 inde
496 2739 648 2804 explicatur,
670 2735 740 2806 quod
760 2735 868 2788 Rufinus
889 2735 1077 2802 Hierosolymis
1099 2754 1149 2788 una
1170 2753 1226 2788 cum
1247 2739 1362 2792 Melania

336 2826 500 2892 ristaquae
519 2829 611 2893 viginti
639 2833 737 2890 septem
765 2839 847 2874 annos
870 2823 1057 2890 Hierosolymis
1084 2826 1140 2877 iuit.
1175 2826 1257 2890 (Hist.
1279 2828 1359 2880 Laus.

335 2927 392 2978 cap.
415 2915 478 2966 117.
503 2914 581 2977 118.)
622 2912 732 2964 Melania
746 2912 904 2976 Hieronymo
924 2921 1000 2977 teste,
1022 2931 1097 2983 quem
1118 2915 1151 2966 de
1171 2915 1220 2966 hac
1241 2933 1270 2968 re
1291 2917 1361 2971 bene

335 2999 455 3050 edoctum
475 3013 534 3050 esse
554 3000 700 3066 oportebat,
721 2999 903 3066 Hierosolymo
923 3003 1073 3055 venitanno
1087 3007 1119 3056 X.
1136 3004 1253 3056 Valentis
1274 3009 1361 3074 impe-

333 3090 428 3138 ratoris
449 3089 467 3144 i.
479 3103 581 3140 eausa
593 3085 659 3142 374.
682 3088 800 3154 (Hieron.
813 3085 921 3152 chron.)
940 3090 1021 3154 idem,
1042 3093 1112 3160 quod
1133 3093 1265 3148 Palladius
1279 3097 1362 3163 (Hist.
1417 3089 1424 3094 ’

340 3175 418 3227 Laus.
434 3191 491 3244 cap.
512 3178 580 3242 117)
596 3177 703 3241 indicat,
724 3177 846 3228 Paulinus
857 3177 970 3230 Helenus
986 3177 1065 3247 (Opp.
1079 3183 1120 3234 ed.
1133 3183 1234 3236 lehrnn
1253 3201 1294 3252 ep.
1311 3187 1363 3248 29)

333 3279 386 3316 non
406 3274 494 3333 negat.
524 3266 646 3318 Paulinus
668 3266 700 3330 (l.
722 3265 752 3331 1,)
775 3265 910 3317 Melaniam
939 3276 1017 3332 „post
1037 3273 1151 3339 quinque
1180 3273 1362 3327 1111111111-

332 3367 397 3404 mam
428 3369 559 3406 remeasse
589 3357 642 3414 ait,
668 3369 773 3405 numero
809 3370 872 3406 usus
891 3354 979 3420 pleno,
1001 3360 1044 3426 qui
1065 3375 1117 3410 non
1137 3364 1282 3429 urgendus,
1312 3363 1363 3415 sed

293 3491 296 3502 ,
333 3441 366 3492 ad
398 3447 583 3496 accuratiorem
613 3443 720 3496 Palladii
748 3457 868 3494 sumnam
897 3443 1065 3510 explicandus
1097 3457 1144 3500 est.
1191 3449 1257 3503 inde
1284 3467 1362 3516 vero,
1473 3433 1474 3455 ¹

332 3532 402 3598 quod
414 3533 498 3584 editus
512 3533 621 3584 Palladii
636 3528 800 3598 textus(eap.
816 3531 881 3598 119)
891 3531 978 3594 labet,
992 3534 1126 3587 Melaniam
1139 3540 1245 3606 triginta
1258 3549 1363 3608 septem

332 3633 414 3670 annos
430 3619 548 3686 hospites
569 3623 714 3687 excepisse,
735 3635 895 3688 nequaquam
916 3635 972 3672 enm
988 3621 1151 3676 Tillemomio
1172 3635 1281 3694 statuas,
1303 3647 1363 3682 earn
1472 3659 1473 3662 =

333 3705 421 3757 decern
437 3723 518 3760 runos
539 3711 566 3759 in
586 3709 708 3776 Aegypto
729 3723 834 3774 quoque
855 3710 989 3772 mansisse,
1011 3727 1088 3778 quum
1108 3721 1223 3778 apertum
1243 3733 1363 3771 errorem

332 3797 465 3860 scriptoris
486 3798 529 3848 hie
549 3795 780 3864 deprehendamus,
802 3797 846 3863 qui
866 3811 913 3861 pro
934 3796 969 3862 κη’
990 3800 1008 3854 i,
1029 3815 1052 3856 1.
1072 3803 1164 3869 uiginti
1185 3813 1286 3870 septem
1307 3824 1364 3876 po·
1471 3837 1472 3870 y

331 3885 412 3934 suerit
431 3883 465 3951 λη’
480 3887 498 3936 i.
515 3901 538 3942 1.
552 3887 657 3953 triginta
672 3891 778 3948 septem.
808 3884 878 3934 Haec
898 3885 931 3935 de
951 3887 1063 3939 Melania
1083 3895 1274 3958 annotavimus,
1297 3899 1364 3965 quia

330 3974 358 4024 in
378 3973 429 4024 hoc
449 3977 534 4040 capite
554 3961 741 4025 'l'iHemontiu'm
755 3972 903 4036 (menois-es
924 3973 965 4028 ed.
985 3973 1067 4030 Paris.
1080 3977 1108 4032 Τ.
1121 3985 1154 4031 x.
1175 3997 1200 4046 p.
1221 3983 1279 4037 596
1301 4001 1364 4055 sqq.

330 4061 386 4115 821
413 4063 492 4131 sqq),
513 4061 681 4114 Rosweidum
710 4059 807 4124 (Ruiini
835 4067 861 4110 et
880 4060 1007 4113 Melaniae
1035 4071 1210 4134 peregrinatio
1231 4073 1287 4130 MV.
1308 4073 1364 4133 Pr.

330 4164 357 4215 p.
387 4146 442 4203 425
472 4149 546 4219 sqq.)
587 4156 613 4200 et
639 4146 796 4213 Stiltingiutn
823 4145 898 4214 (vita
926 4149 952 4204 S.
987 4151 1093 4204 Hieron.
1121 4155 1177 4209 ΑΑ.
1207 4159 1254 4212 SS.
1286 4162 1361 4216 BoH.

330 4235 359 4288 Τ.
381 4239 444 4290 11111
464 4239 536 4304 sapt,
557 4251 582 4303 p.
605 4236 660 4290 552
681 4235 758 4302 sqq),
779 4234 842 4286 licet
860 4237 911 4302 ipsi
931 4239 1000 4289 inter
1019 4255 1048 4292 se
1067 4243 1171 4296 multum
1193 4247 1361 4318 discrepent,
1469 4245 1470 4254 ἦ

330 4328 446 4392 graviter
476 4339 577 4376 errasse
609 4323 762 4378 invenimus.
807 4321 946 4389 Superest,
980 4333 1009 4377 ut
1038 4339 1207 4400 annotemus,
1235 4337 1364 4392 Rufinum
