2990 4986
649 415 887 490 -54..

217 619 302 686 Unde
322 616 486 681 verisimile
508 625 565 696 est,
586 635 651 680 earn
674 633 780 679 nocem
801 615 1065 699 indegyptiorum
1088 615 1225 678 formulis
1248 613 1321 678 lidei

218 731 339 810 antiquo
360 746 418 791 usu
440 735 592 808 receptam
613 727 716 790 fidisse.
739 728 815 802 Ouia
835 745 943 790 veroe
964 727 1078 806 verbis,
1101 727 1210 806 quibus
1233 743 1322 810 sym-

217 841 319 904 bolum
340 836 697 917 constantinopolitanun
719 837 757 900 de
778 837 885 918 spiritu
906 843 1009 900 sancto
1030 837 1175 918 loquitur,
1204 837 1236 899 in
1258 837 1322 915 illa,

220 969 309 1034 quam
332 951 491 1030 episcopus
514 949 646 1028 exponit,
669 949 727 1010 lide
749 966 788 1010 nc
809 945 1031 1026 unumquidem
1052 947 1177 1029 legitur,
1200 947 1323 1010 formu-

219 1063 276 1124 larn
287 1069 438 1138 totamque
452 1059 549 1134 istam
573 1057 621 1120 cui
644 1057 757 1119 inserta
772 1064 830 1136 cst,
852 1057 1052 1118 narrationem
1074 1059 1147 1120 satis
1168 1058 1324 1138 antiquam

220 1189 299 1250 esse,
333 1169 422 1231 facile
449 1167 624 1230 credideris.
676 1167 841 1229 Hieracitas
871 1169 1127 1230 resurrectionem
1156 1185 1324 1248 corporum

220 1299 350 1366 negasse
358 1281 540 1362 Epiphanius
555 1280 654 1360 docet,
666 1280 718 1362 qui
729 1278 893 1342 doctrinam
907 1297 1013 1342 eorum
1024 1279 1110 1362 large
1124 1279 1265 1358 exposuit
1279 1275 1322 1362 ι).

220 1393 326 1474 Neque
346 1411 422 1455 vero
443 1391 637 1472 Epiphanius,
665 1409 763 1470 neque
786 1389 917 1453 Hilarius
929 1387 973 1473 ²),
1003 1409 1102 1471 neque
1130 1390 1205 1452 alius
1232 1390 1324 1470 quis-

221 1523 320 1586 quam,
343 1512 487 1583 quantum
501 1503 633 1581 invenio,
656 1501 769 1580 retulit,
793 1499 956 1563 Hieracitas
979 1499 1036 1563 tria
1057 1518 1160 1563 rerum
1175 1499 1325 1580 principia

222 1616 384 1700 agnovisse
405 1623 446 1696 et,
463 1614 559 1676 Deum
580 1614 707 1676 verbum
729 1613 879 1676 hominem
902 1612 1012 1678 factum
1039 1629 1118 1691 esse,
1141 1629 1325 1690 causamque

223 1727 354 1790 omnium
376 1743 478 1786 rerum
500 1723 684 1786 effectricem
706 1724 833 1803 servari,
856 1723 995 1786 infitiatos
1017 1740 1096 1786 esse.
1130 1721 1216 1785 Unde
1237 1721 1325 1784 hisce

223 1855 302 1899 nova
323 1836 420 1916 aliqua
442 1835 479 1898 de
492 1835 649 1898 Hieracitis
671 1835 846 1907 edocemur,
869 1835 976 1916 quibus
993 1833 1185 1896 fundamenta
1204 1832 1325 1896 doetri-

222 1967 291 2028 nae,
319 1966 407 2028 quam
439 1947 666 2026 profitebantur,
699 1947 857 2010 dilucidius
885 1956 1121 2028 cognoscuntur.
1173 1943 1222 2008 lld
1248 1943 1326 2006 illud

223 2077 299 2124 vero
321 2058 505 2120 enuntiatum
527 2058 657 2133 Maeotii,
687 2075 721 2121 se
755 2051 860 2121 contra
883 2058 1044 2120 daemones
1077 2056 1228 2136 principes
1250 2053 1326 2116 nihil

224 2170 339 2248 valere,
375 2169 455 2248 quod
489 2176 613 2247 spectat,
648 2167 728 2228 idem
759 2166 909 2230 Antonius
944 2185 1064 2247 quoque
1096 2163 1253 2246 professus
1277 2172 1326 2230 est

225 2287 305 2342 teste
324 2278 453 2340 Palladio
465 2274 507 2360 ³).
552 2277 704 2340 Mortuum
731 2276 768 2340 ad
795 2275 1036 2358 respondendum
1066 2285 1226 2339 evocatum
1256 2289 1328 2336 esse

160 2419 170 2488 ⁸.
226 2389 356 2471 legimus
390 2389 421 2450 in
456 2386 534 2450 libro
566 2386 712 2450 Samuelis
726 2383 770 2470 ⁴).
826 2388 955 2450 Umbrae
985 2397 1174 2451 mortuorum
1211 2403 1330 2448 evoca-

227 2508 276 2563 tae
302 2515 370 2561 esse
398 2485 538 2561 dicuntur
567 2497 598 2558 in
633 2498 756 2560 Homeri
783 2495 964 2584 Nenoaif),
1000 2499 1078 2578 apud
1113 2499 1269 2560 Lucanum
1282 2495 1330 2580 ⁶),

228 2611 363 2674 'lacitnm
375 2608 423 2693 ⁷),
446 2609 573 2674 Plinium
585 2607 636 2691 ⁸),
659 2607 934 2692 renascamur),
960 2609 1088 2673 Dionem
1116 2607 1252 2672 Cassium
1267 2605 1330 2690 ¹⁰),

307 2885 366 2923 esse
387 2871 464 2923 docet
482 2873 607 2924 Damasus
627 2889 694 2939 papa
716 2869 896 2938 (eoa-384)
923 2873 950 2922 in
971 2870 1092 2938 epistola,
1121 2885 1197 2939 quam
1225 2867 1334 2935 scripsit

308 2959 416 3012 Paulino
437 2961 561 3028 episcopo
579 2961 753 3014 Antiocheno.
776 2962 858 3014 llausi
870 2959 949 3013 (lonc.
962 2961 1046 3028 Ampl,
1054 2960 1121 3012 Coll.
1134 2961 1162 3018 Τ.
1170 2963 1210 3012 ΙΙΙ
1225 2975 1249 3026 p.
1261 2953 1332 3011 488.

312 3048 428 3099 Sanctam
447 3051 585 3104 trinitatem
605 3050 850 3102 consubstantialem
867 3049 1030 3122 (ὀμοούσιον
1048 3053 1095 3116 τὴν
1117 3051 1200 3120 ἁγίαν
1219 3046 1333 3117 mlada)

313 3135 444 3201 praedicat
464 3137 582 3190 Meletius
603 3141 740 3204 episcopus
760 3138 946 3190 Antiochenus.
975 3138 1043 3195 lbid.
1062 3154 1087 3206 p.
1100 3139 1167 3190 339.
1209 3137 1244 3194 cf.
1265 3137 1335 3202 Epi-

311 3221 388 3288 phan.
408 3223 478 3276 haer.
502 3227 536 3279 76
560 3235 586 3278 et
610 3228 639 3278 iu
659 3227 799 3283 Ancorato.
842 3227 952 3293 Spiritus
973 3230 1040 3294 patri
1063 3223 1335 3286 .,consubstantialis“

312 3312 362 3361 iam
382 3321 489 3364 vocatur
513 3315 541 3366 iu
567 3315 672 3382 liturgia
693 3315 719 3368 S.
742 3315 831 3366 lacobi
850 3316 936 3369 fratris
945 3317 1059 3386 Domini.
1098 3315 1225 3370 Biuterim
1240 3315 1338 3370 Deuk-

313 3401 504 3470 wirrdigkeiteu
524 3403 552 3459 Τ.
572 3401 607 3455 lv
627 3404 656 3456 P.
679 3407 705 3454 ll
725 3419 752 3470 p.
776 3401 840 3459 149.

266 3491 294 3556 Ι)
317 3489 392 3541 Haer.
415 3491 460 3545 67.

265 3580 293 3643 2)
314 3578 425 3630 Hilarius
457 3580 489 3631 de
516 3579 654 3632 llieracitin
684 3580 724 3632 Da
751 3579 819 3632 Tria.
852 3579 897 3640 tib,
918 3579 962 3644 Vl,
994 3584 1038 3638 12.
1081 3579 1149 3648 Opp.
1174 3581 1257 3638 liilar.
1279 3595 1337 3636 cur.

315 3667 401 3733 lligue
421 3666 449 3724 Τ.
470 3667 495 3720 11
516 3684 541 3734 p.
571 3668 622 3720 165
644 3685 701 3736 sqq.

264 3752 294 3823 3)
315 3755 380 3812 llist.
400 3756 476 3808 Lana.
497 3773 554 3823 cap.
577 3757 622 3814 29.
645 3755 713 3824 Opp.
734 3757 828 3816 licurs.
849 3758 868 3811 l.
889 3757 907 3810 l.
930 3773 955 3825 p.
978 3754 1044 3815 433.

242 3842 294 3911 ,4)
314 3845 380 3902 Sam.
400 3845 421 3908 l,
443 3845 487 3902 28.

268 3935 297 4001 5)
320 3932 368 3990 od.
387 3933 432 3998 xl,
454 3935 490 3987 23
511 3949 569 4001 sqq.

266 4023 296 4087 6)
317 4022 405 4078 Phara.
425 4022 470 4086 Vl,
493 4022 550 4075 632
570 4035 629 4092 sqq.

269 4111 298 4174 7)
319 4110 385 4166 Anu.
404 4110 439 4174 ll,
462 4111 507 4166 28.

242 4233 244 4238 -
268 4196 300 4260 8)
319 4196 376 4254 ltat.
396 4197 462 4252 Hist.
482 4199 564 4258 XXX,
585 4196 611 4250 6.

268 4285 298 4350 9)
320 4286 371 4342 vit,
391 4287 478 4352 Apoll.
501 4284 581 4350 Tyan.
602 4282 645 4346 lV,
670 4282 713 4334 te.

253 4377 300 4444 10)
322 4375 387 4430 Hist.
407 4375 479 4425 Rom.
503 4369 629 4434 lxxiiii,
654 4371 696 4423 15.
