2952 4972
552 445 835 574 -'197ss-

151 677 252 779 autem
276 713 466 795 cognoverit,
490 711 558 790 apula
577 725 634 770 cor
654 705 734 772 illius
756 707 871 770 imnum
894 710 945 772 est
967 707 996 770 in
1016 710 1125 776 timore
1148 710 1240 792 doi¹)‚

150 829 184 885 et
206 839 269 885 non
284 817 406 884 dimittit
429 816 527 879 locum
552 833 650 892 suum,
673 813 730 877 scd
753 812 874 878 fortiter
884 811 1037 893 resistid)
1061 815 1240 884 adversaris

152 947 230 1007 suo,
264 926 314 990 ille
336 923 493 1007 perlectus
518 918 690 986 monachus
713 925 746 984 et
767 919 855 984 milas
879 918 992 985 Christi
1013 929 1150 988 uocatur.
1200 925 1240 988 Ut

146 1031 230 1092 enim
254 1029 412 1092 multarum
434 1029 520 1091 navis
542 1025 688 1090 undarum
711 1027 774 1089 ictu
799 1026 957 1106 obruitur,
972 1011 1025 1092 'sic
1046 1030 1138 1094 multa
1160 1048 1241 1112 pos·
1300 1083 1302 1086 .
1394 1009 1397 1021 ¹

152 1135 258 1198 sidens
281 1134 449 1199 monachus
471 1151 533 1196 non
556 1131 733 1197 saluabitur.
784 1129 862 1194 Nibil
884 1131 1051 1214 possidens
1074 1134 1241 1218 monacbup

152 1244 252 1307 viator
277 1240 486 1326 expeditior⁸)
516 1247 576 1306 est
638 1239 719 1303 Nihil
751 1239 917 1322 possidens
949 1244 1117 1310 mouncbus
1154 1247 1242 1326 quusi

151 1351 251 1433 aquila
261 1351 299 1414 ad
312 1348 469 1429 excernat)
494 1348 643 1442 pervolat
674 1349 760 1412 'lunc
771 1347 934 1426 deseendit
945 1349 984 1412 ad
1005 1367 1107 1432 eccm,
1119 1351 1241 1432 quando

152 1458 308 1540 compellit
330 1457 516 1522 necessitas
548 1453 940 1518 Prudensmonaobusnon
961 1455 1241 1554 adulabitupprop-
1290 1497 1297 1516 .

150 1572 201 1629 tor
220 1565 407 1630 voluntatem
430 1564 546 1631 vannis
568 1560 720 1625 divitibus.
776 1559 855 1624 Nihil
877 1561 1044 1644 possidens
1074 1566 1241 1640 monnellus

149 1687 261 1734 cmsor
283 1669 360 1734 levis
383 1669 529 1753 sagacius
552 1667 592 1732 ud
613 1667 751 1731 breuium
775 1683 910 1748 superna
931 1667 1108 1733 vocacionis
1127 1657 1242 1732 domini

150 1779 318 1862 perveniet.
363 1779 462 1842 Verus
484 1774 651 1839 monachus
675 1780 751 1856 post
770 1791 848 1856 opus
872 1771 1060 1837 moderatum
1082 1773 1238 1838 oracioni-

152 1888 211 1950 bus
233 1891 266 1950 ot
286 1883 475 1948 leccionibus
497 1887 596 1948 vacat.
640 1879 720 1946 llibil
738 1880 903 1962 possidens
926 1879 1093 1946 monachus
1111 1881 1242 1948 tbcsau-

154 1995 232 2056 rizat
254 1995 284 2056 in
307 1991 396 2071 colo,
429 1990 511 2055 canit
534 1988 654 2054 domino
677 1987 783 2052 laudes
816 1988 865 2054 die
893 2005 931 2052 nc
953 1993 1047 2052 nocte
1079 1990 1110 2052 in
1132 1990 1243 2067 timore

152 2099 275 2164 domini.
320 2097 473 2166 Gloriacio
494 2095 635 2163 monachi
657 2091 847 2177 paciamini)
870 2113 939 2160 cum
961 2093 1118 2160 charitate.
1167 2094 1243 2160 Glo-

152 2208 246 2270 riacio
268 2204 428 2284 monachi,
462 2223 531 2270 oum
561 2202 659 2268 milas
681 2221 735 2268 res
753 2200 955 2282 desidunt)
990 2203 1148 2286 presentis
1180 2205 1243 2268 viic

151 2312 355 2395 possidere').
386 2313 538 2380 Gloriaeio
561 2310 703 2378 monachi
725 2311 927 2378 mansuetudo
950 2319 983 2376 ct
1005 2312 1093 2378 lidos.
1120 2311 1244 2376 Glorie-

152 2421 201 2484 cio
224 2421 364 2486 monachi
386 2421 488 2506 vigilie
511 2419 575 2500 et²¹)
598 2421 691 2487 lletus
714 2423 747 2486 in
769 2422 973 2486 oracionibus.
1005 2421 1158 2486 Gloriacio
1174 2439 1245 2485 mo-

152 2527 251 2607 naebi,
275 2528 397 2610 quando
420 2526 609 2606 deum⁰)‘ex
630 2533 698 2592 toto
720 2527 815 2592 corde
837 2527 990 2608 dilexerit,
1021 2535 1054 2592 et
1076 2529 1245 2612 proximum

62 2629 66 2634 ’
152 2649 241 2699 suum
261 2633 344 2698 sicut
367 2649 403 2696 sc
419 2622 533 2714 ipsum.
556 2629 861 2705 Gloriaciomouacbi
884 2629 1126 2711 ansnoaneiaw)
1150 2649 1245 2696 esca-

152 2755 219 2800 rum
242 2735 518 2816 etmultiloquii¹¹)
541 2735 652 2817 linque.
680 2735 833 2800 Gloriacio
851 2736 1002 2816 monachi,
1016 2735 1138 2816 quanm
1151 2736 1246 2816 verba

154 2844 220 2906 cius
244 2842 389 2925 operibus
411 2845 595 2906 consonant.
619 2839 781 2932 ‚Glorioeio
804 2841 955 2929 monachi,
978 2841 1100 2922 quando
1121 2843 1152 2906 iu
1175 2841 1245 2906 loco
1332 2889 1342 2902 ,

153 2945 262 3025 suo¹²)
286 2953 448 3028 permanet
467 2953 501 3012 ct
520 2945 580 3010 buc
600 2945 735 3026 illucque
756 2963 821 3010 nun
833 2952 971 3030 vagatur.
1004 2945 1157 3011 Gloriscic
1171 2963 1245 3009 ¹mo-

154 3053 242 3118 nacbi
264 3052 479 3137 longanimitas
502 3071 570 3118 cum
593 3051 762 3116 bumilitate
785 3059 819 3116 et
840 3053 949 3137 gratio.
977 3052 1061 3118 Sicut
1078 3052 1245 3137 lampss¹⁸)

155 3160 314 3244 splendida
338 3163 367 3224 iu
389 3161 459 3224 loco
483 3161 664 3249 tenebroso,
688 3166 722 3224 et
743 3162 824 3225 sicut
847 3160 895 3224 sol
917 3155 1040 3228 rudiaris
1068 3163 1245 3248 splendidus

151 3273 223 3348 cst,
254 3269 300 3330 sic
323 3267 490 3332 monachus
525 3265 683 3350 perlectus
710 3269 741 3330 in
768 3261 940 3332 sobrietate
974 3275 1007 3348 et
1035 3272 1181 3336 castitate
1214 3277 1246 3334 at

151 3373 246 3438 corde
269 3373 407 3460 pervigili
429 3374 459 3438 in
482 3381 622 3456 ternpore
645 3355 891 3464 psalmorum¹‘).
921 3373 1006 3441 Sicut
1027 3375 1147 3457 pondus
1162 3374 1245 3447 salis

153 3481 293 3564 deprimit
317 3483 412 3546 unum
435 3481 595 3558 infirmum.
617 3483 662 3546 sic
675 3499 823 3562 sompnus
846 3481 877 3544 in
899 3479 996 3544 oculis
1012 3482 1160 3556 monaehi.
1194 3481 1246 3546 Si·
1264 3555 1268 3580 Ι

152 3597 207 3654 cut
229 3592 319 3672 spine
343 3595 375 3652 et
399 3589 499 3654 tribuli
522 3591 551 3651 in
574 3607 651 3672 agro
676 3591 806 3670 optimo,
837 3591 882 3650 sic
906 3589 1112 3672 cogitationes
1140 3596 1246 3672 turpes
1270 3591 1271 3594 ’

175 3843 202 3907 1)
223 3845 245 3894 11
264 3842 376 3896 domini.
389 3841 460 3906 -tl
479 3837 559 3907 Quae
577 3841 681 3891 abhinc
700 3840 839 3904 usquead
862 3837 942 3890 finem
960 3841 1131 3904 sequnntur,
1149 3837 1248 3902 spurio

140 3929 145 3940 '
224 3937 310 3996 sunt,
328 3935 357 3984 ct
374 3947 390 3983 c
408 3930 529 3982 macarii
547 3925 760 3997 (Alexandrini)
778 3928 918 3995 epistola,
938 3939 1010 3992 quse
1030 3927 1159 3978 llolsten.
1178 3927 1248 3979 (lod.

229 4024 365 4090 liegnlnr.
382 4026 402 4085 1,
421 4023 451 4076 21
475 4021 592 4088 legltur,
611 4020 776 4084 compilata.
788 4046 822 4060 -
839 4017 868 4086 11)
886 4021 911 4069 A
930 4017 1088 4082 ecpeditas.
1107 4045 1142 4057 -
1160 4017 1191 4080 4)
1209 4019 1249 4070 nd

226 4119 344 4168 eccelsia
362 4127 428 4168 cnr..
440 4117 470 4165 11.
493 4139 525 4150 -
544 4111 576 4174 b)
594 4113 616 4162 11
634 4111 672 4164 sit
689 4109 847 4174 paciencia.
867 4135 901 4146 -
927 4107 1191 4170 cucumerarium.
1212 4097 1234 4159 'A

227 4202 258 4268 i)
277 4207 302 4254 A
319 4202 465 4268 poeddcre
483 4200 634 4252 deaidoeat.
652 4225 688 4238 -·
712 4197 743 4262 8)
762 4196 857 4266 cipitia
876 4199 904 4246 et
922 4209 974 4245 on.
995 4197 1028 4244 A.
1048 4219 1083 4230 -
1102 4193 1133 4257 9)
1153 4197 1175 4244 A
1196 4195 1248 4244 do-

226 4288 341 4344 minum.
370 4317 404 4330 -
437 4291 482 4354 111)
502 4292 527 4341 A
547 4289 727 4342 abstinencie.
751 4313 785 4326 -
814 4282 856 4350 ll)
882 4283 1035 4348 rinconi,
1057 4283 1247 4336 1111111111)-

226 4381 333 4446 patum.
354 4407 389 4420 -
410 4381 455 4444 12)
476 4384 500 4430 A
519 4381 548 4430 in
566 4382 659 4430 locum
679 4391 768 4430 cuum.
788 4403 822 4414 —
845 4374 887 4444 13)
907 4380 930 4426 A
950 4377 1095 4440 lampado.
1110 4403 1140 4414 -
1157 4375 1202 4438 ll)
1223 4381 1247 4428 A

224 4471 358 4538 percipile·
376 4472 615 4536 interpretabitur
631 4473 767 4534 psalmos.
