2990 4986
634 307 875 380 ...24-

206 509 244 572 de
282 510 404 574 senibus
436 506 594 572 Thebaidis
634 507 738 570 eadem
774 506 881 570 eodem
924 504 1009 585 plane
1042 502 1132 566 modo
1171 507 1313 578 narrant,

205 628 274 683 nata
295 619 365 683 est?

291 730 351 792 Res
371 747 444 792 sane
465 729 576 808 duplici
597 734 711 790 tantum
726 725 814 788 modo
836 725 978 805 explicari
999 730 1106 804 potest.
1142 721 1206 784 Aut
1228 719 1312 796 enim

205 839 290 902 alter·
304 839 435 918 scriptor
457 839 522 918 ipse
543 838 651 900 librum
673 836 796 900 alterius
817 855 835 898 a
856 835 1001 914 capitibus
1029 833 1088 894 illis
1112 830 1151 893 da
1182 831 1311 893 senibus

207 947 366 1011 Thebaidis
379 948 557 1027 compilavit,
571 956 621 1010 aut
635 947 742 1010 tertius
753 945 871 1026 quidam
889 946 990 1024 spuria
1001 944 1051 1006 illa
1064 941 1174 1006 intulit.
1199 939 1312 1002 Poste-

207 1059 272 1121 rius
302 1057 390 1120 statui
419 1057 531 1137 nequit.
575 1056 651 1118 Nam
671 1057 746 1120 Hist.
769 1056 911 1120 lausiaca
933 1054 1069 1118 codicum
1086 1049 1313 1112 vindobonen-

208 1168 285 1231 sium
308 1167 349 1230 ita
371 1175 541 1246 comparata
568 1175 630 1246 est,
658 1176 692 1230 ut
720 1166 759 1228 da
784 1173 830 1230 tot
856 1165 1001 1245 capitibus
1029 1162 1139 1242 spuriis
1169 1159 1313 1242 cogitare

207 1294 333 1357 prorsus
363 1293 510 1356 nequeas3
542 1277 588 1338 sin
627 1277 721 1356 capita
755 1276 811 1338 ista
845 1293 863 1337 e
891 1275 966 1340 Hist.
993 1274 1137 1336 Lausiaoa
1165 1279 1313 1349 tanquam

207 1387 309 1466 spuria
331 1385 465 1464 tolleres
488 1393 603 1465 partem
624 1386 695 1448 libri
715 1387 863 1468 integram
886 1384 1084 1448 desiderares.
1116 1382 1209 1444 Liber
1231 1395 1311 1440 vero

207 1496 359 1558 secundus
389 1497 415 1557 si
445 1498 540 1576 capita
567 1497 622 1560 ista
650 1497 687 1558 dc
717 1496 839 1558 senibus
861 1494 1018 1556 Thebaidis
1042 1501 1182 1572 tanquam
1204 1488 1312 1570 spuria

208 1606 362 1685 tollantur,
384 1609 435 1669 vix
456 1607 525 1670 libri
546 1625 656 1670 nomen
677 1606 796 1670 retinet.

292 1713 502 1778 Difficillimum
524 1718 618 1800 igitur
641 1715 744 1780 estad
766 1715 965 1793 credendum,
998 1713 1047 1776 illa
1079 1712 1175 1792 capita
1205 1711 1237 1772 in
1259 1709 1310 1771 al-

206 1831 325 1886 terutro
353 1825 430 1887 libro
460 1835 510 1890 ant
539 1826 570 1887 in
607 1834 736 1905 utroque
778 1826 880 1905 spuria
913 1843 989 1888 esse.
1046 1823 1161 1886 Varum
1191 1820 1311 1884 multae

208 1934 341 1997 rationes
364 1935 536 2013 admonent,
571 1943 604 1998 ut
632 1935 792 2002 Palladium
824 1937 920 2014 ipsum
948 1953 966 1996 e
997 1934 1074 1996 libro
1104 1932 1242 1994 secundo
1273 1948 1312 1992 ea

207 2051 372 2106 mutuatum
394 2062 462 2107 esse
483 2055 514 2108 et
535 2045 610 2110 Hist.
632 2045 793 2108 Lausiaaae
814 2061 887 2106 suae
908 2045 1074 2106 intermisse
1096 2050 1275 2106 statuamus.

292 2151 423 2214 Primum
444 2155 522 2215 enim
544 2152 689 2214 Palladius
712 2153 785 2215 llist.
808 2153 978 2214 Lausiacam
1000 2151 1093 2214 multo
1115 2160 1195 2230 post,
1219 2169 1312 2232 quam

207 2258 284 2320 liber
305 2262 454 2324 secundus
477 2262 575 2324 editus
597 2271 652 2340 est,
674 2262 817 2344 vulgavit.
860 2263 936 2324 Nam
957 2261 1032 2328 Hist.
1055 2261 1201 2324 lausiaca
1233 2281 1312 2343 pro-

209 2366 279 2444 diit,
311 2386 401 2447 quum
430 2371 575 2433 Palladius
604 2372 809 2450 „tricesimum
846 2373 969 2436 tortium
997 2389 1108 2432 annum
1138 2380 1248 2453 ageret
1278 2371 1311 2431 in

210 2479 440 2542 conversatione
461 2499 529 2544 cum
551 2481 692 2546 tratribus
715 2491 745 2544 et
760 2483 820 2544 vita
842 2482 983 2559 solitaria,
1005 2481 1183 2543 vicesimum
1206 2487 1312 2542 autem

208 2589 413 2669 episcopatus,
442 2592 532 2654 totius
565 2599 665 2654 autem
691 2593 769 2655 vitae
798 2591 1074 2672 quinquagesimum
1102 2590 1251 2652 tertium“
1266 2585 1311 2670 ¹).

208 2698 255 2760 Ac
277 2695 422 2761 Palladius
444 2700 481 2762 ad
501 2699 609 2763 iratres
636 2701 718 2766 venit
750 2702 878 2783 „viginti
907 2718 1000 2762 annos
1025 2706 1112 2762 natus
1134 2698 1312 2762 Theodosio

209 2825 318 2887 magno
338 2809 447 2869 iterum
462 2789 613 2872 'consula‘
630 2813 655 2872 i.
678 2829 705 2876 e.
728 2829 805 2872 anno
817 2811 925 2873 Christi
941 2809 1013 2872 388.
1028 2815 1056 2888 ²)
1101 2811 1202 2884 Quare
1224 2810 1312 2878 Lau-

209 2917 289 2978 siaoa
316 2924 384 2977 ante
413 2916 688 2978 annum421n0n
715 2918 794 2980 adita
822 2927 878 2980 est.
922 2917 1122 2999 hieronymus
1144 2937 1233 3000 vero,
1257 2919 1314 2998 qui

209 3025 319 3087 librum
341 3023 610 3103 seeundumnovit,
631 3033 766 3088 mortuus
788 3034 835 3088 est
848 3045 924 3090 anno
935 3026 999 3092 420
1014 3037 1044 3090 ot
1055 3029 1193 3110 Rufinus,
1217 3048 1313 3110 quam

209 3135 279 3197 libri
307 3131 430 3194 secundi
463 3133 657 3212 interpretem
692 3152 761 3198 esse
790 3136 997 3214 probabimus,
1038 3137 1097 3200 iam
1127 3157 1208 3202 anuo
1241 3139 1314 3202 410

210 3241 292 3304 obiit.
311 3237 343 3321 ³)
386 3239 469 3301 Unde
495 3241 604 3306 librum
630 3243 794 3306 seeundum
823 3246 896 3314 Hist.
919 3247 1062 3311 Lausiaca
1090 3259 1189 3314 aetate
1210 3251 1313 3314 multo

212 3351 342 3431 priorem
364 3367 431 3412 esse
451 3353 592 3430 sequitur.

296 3457 382 3530 Quod
403 3458 430 3521 si
456 3470 587 3542 constat,
621 3461 758 3526 facillime
786 3463 975 3545 intelligitur,
1004 3465 1168 3531 Palladium
1199 3471 1313 3536 saltam

212 3565 282 3628 libri
311 3568 433 3629 secundi
463 3580 550 3650 caput
582 3573 619 3635 de
641 3573 756 3636 Joanne
788 3575 819 3634 in
843 3574 927 3654 ,Lyco
960 3575 1149 3655 compilasse.
1196 3581 1313 3646 'lotum

211 3675 289 3736 enim
310 3674 378 3737 libri
399 3688 497 3758 caput⁴
512 3681 549 3743 da
576 3681 691 3750 loanne
719 3684 751 3745 in
771 3684 853 3764 Lyco
883 3684 970 3746 etiam
1001 3684 1033 3746 in
1061 3687 1138 3754 Hist.
1161 3689 1315 3754 Lausiaoa

222 3799 461 3816 Ἢ

243 3857 270 3926 1)
291 3859 356 3916 litat.
370 3862 443 3918 Laus.
457 3867 558 3936 prolog.
570 3867 743 3936 Opp.'llours.
760 3869 778 3928 l.
794 3869 812 3921 l.
826 3886 851 3936 p.
866 3867 930 3928 340.
965 3873 1018 3923 VV.
1032 3872 1082 3926 PP.
1095 3875 1187 3933 Rosw.
1203 3893 1231 3944 p.
1243 3879 1313 3936 706,

238 3946 267 4008 2)
288 3947 352 4004 lliat.
373 3950 448 4007 Laus.
470 3971 526 4021 cap.
551 3960 575 4009 1.
617 3956 683 4028 Opp.
704 3957 797 4010 Maura.
821 3957 837 4012 l.
858 3957 875 4012 l.
895 3972 920 4022 p.
943 3954 999 4012 348
1025 3975 1081 4011 cum
1107 3971 1170 4014 nota
1191 3966 1313 4024 ltleursii.

240 4034 269 4098 3)
290 4035 423 4092 Tillemont
450 4043 583 4095 ltemoires
604 4045 631 4103 t,
660 4045 710 4095 llll
738 4059 763 4108 p.
792 4045 857 4096 303.
880 4047 944 4102 313.
963 4053 966 4062 ’
984 4047 1127 4112 Epistolam
1156 4053 1190 4102 ad
1220 4054 1313 4108 Ctesi-

287 4122 406 4186 phontem
427 4130 690 4196 llieronymusanno
717 4127 772 4182 415
793 4134 929 4198 scripsisse
950 4135 1061 4190 videtur.
1103 4136 1172 4207 Opp.
1199 4143 1312 4199 Hieron.

290 4209 330 4268 ad.
350 4213 435 4280 Miglis
456 4218 483 4276 Τ.
505 4223 526 4270 Ι.
549 4219 633 4276 Praei.
655 4233 680 4283 p.
701 4218 836 4276 lxxxix.
