2990 4986
562 381 806 454 „11-

146 582 301 660 eremitae,
334 580 473 644 monachi
505 579 639 644 Orientis
666 589 804 660 tauquam
835 581 907 642 novi
941 579 1059 660 quidam
1093 581 1243 646 innumeri

142 683 328 774 martyresf)
351 691 530 758 efficiebant.
575 691 649 754 Nam
671 701 705 755 ut
723 700 887 773 martyrum
907 691 1088 780 eruciatibus
1110 691 1184 756 fides
1206 710 1242 756 aa

143 801 202 866 vita
213 801 451 868 Christianorum
473 804 530 866 sibi
550 801 647 866 lacem
662 801 855 881 accendebat,
876 803 917 866 ita
931 804 1094 868 severitate
1109 803 1241 884 illorum,

143 915 195 994 qui
216 913 360 976 mundum
382 930 508 995 prorsus
530 913 725 993 spernebant,
747 921 919 976 ceterorum
945 913 1076 977 fidebam
1102 915 1242 979 voluntas

141 1025 370 1088 incendebatur.
414 1025 452 1088 Ut
473 1031 636 1104 martyrum
659 1024 826 1086 constantia
847 1024 1013 1106 paganismi
1033 1024 1096 1086 vira
1115 1023 1242 1106 frange·-

141 1135 208 1212 bat,
245 1136 288 1198 ita
316 1135 516 1198 solitariorum
543 1133 714 1213 exemplum
744 1133 847 1196 ultima
874 1134 984 1213 templa
1014 1133 1115 1198 diruit.
1159 1135 1242 1200 Ute

142 1245 230 1308 vultu
258 1251 441 1324 martyrum,
471 1259 563 1322 quum
592 1243 629 1305 ad
657 1241 866 1306 crudelissima
894 1243 1038 1324 supplicia
1065 1253 1243 1326 pergerent,

143 1354 277 1418 hilaritas
296 1361 338 1418 et
365 1352 476 1416 laetitia
506 1352 583 1415 caeli
612 1351 784 1434 effulgebat,
814 1355 854 1416 ita
886 1353 1050 1418 inardere
1078 1361 1109 1416 et
1131 1355 1241 1432 studio,

141 1481 200 1545 quo
221 1463 252 1527 hi
274 1464 373 1525 omnia
394 1463 495 1526 carnis
519 1463 664 1543 supplicia
685 1464 741 1544 ipsi
763 1465 820 1526 sibi
840 1464 1041 1544 imponebant,
1063 1465 1242 1530 christianae

141 1575 297 1658 religionis
317 1575 416 1638 virtus
438 1573 639 1636 revelabatur.
684 1573 723 1638 Ut
744 1576 802 1638 tria
823 1575 925 1655 priora
947 1575 1068 1638 saecula
1088 1577 1155 1638 sina
1176 1577 1239 1640 bis-

140 1689 217 1752 toria
245 1687 379 1768 martyrii
407 1703 530 1766 aarum,
564 1686 615 1765 qui
642 1703 676 1748 se
698 1685 815 1751 Christe
845 1687 1036 1766 addixerant,
1071 1688 1241 1772 intelligere

141 1799 258 1880 nequis,
280 1799 320 1862 ita
341 1798 440 1878 quarti
468 1807 498 1860 et
520 1797 614 1877 quinti
643 1797 755 1860 saeculi
777 1797 923 1860 ecolesma
945 1798 1071 1863 historia
1092 1817 1160 1862 cum
1182 1801 1240 1864 hoc

141 1925 222 1972 novo
245 1908 390 1989 martyrio
412 1908 590 1986 monastico,
624 1923 664 1970 ex
686 1925 745 1988 quo
768 1909 875 1972 iustam
896 1909 995 1972 lucem
1017 1927 1102 1973 suam
1123 1911 1241 1992 accipit,

140 2019 311 2084 arctissima
333 2017 483 2080 cohaeret.
527 2017 664 2082 Macariis
686 2025 786 2082 autem
807 2020 921 2082 nostris
943 2020 974 2082 id
994 2019 1134 2101 debetur,
1160 2021 1241 2102 quod

141 2138 211 2210 post
231 2128 395 2192 Antonium
417 2129 505 2208 primi
532 2128 598 2192 fere
625 2121 780 2194 extiterint
807 2131 908 2211 magni
934 2130 1013 2196 illius
1031 2123 1074 2194 'in
1099 2131 1240 2214 Aegypto

139 2238 253 2302 saeculi
264 2239 362 2318 quarti
373 2238 533 2320 religiosae
541 2239 708 2300 animorum
720 2238 958 2304 inflammationis
973 2248 1114 2306 auctores
1128 2253 1240 2324 etpro-
1301 2251 1303 2254 ‘

139 2357 290 2412 moturas:
312 2365 371 2428 quc
390 2348 511 2428 quidem
529 2349 693 2430 in·genere
714 2358 856 2428 quantum
875 2351 1083 2426 excelluerint,
1106 2353 1175 2417 viva
1190 2355 1240 2418 illa

141 2458 271 2538 traditio,
293 2475 370 2539 quae
384 2459 507 2522 blacarii
523 2477 631 2522 nomen
644 2459 682 2522 ad
697 2469 828 2524 nostram
842 2478 939 2541 usque
954 2469 1083 2524 aetatem
1096 2480 1169 2541 prae
1184 2485 1240 2529 ce-

140 2570 214 2633 teris
236 2569 385 2647 omnibus,
406 2570 458 2648 qui
479 2567 591 2632 inistis
605 2569 793 2634 vastitatibus
807 2570 1164 2652 Libyaeolimvixerunt‚
1185 2592 1241 2654 per

142 2679 313 2759 quindecim
325 2679 445 2742 saecula
459 2677 526 2744 tulit
536 2683 575 2756 ²),
589 2678 668 2740 haud
684 2680 993 2758 parumdamonstrat.
1015 2680 1108 2762 Signa
1125 2700 1199 2745 vero
1211 2692 1242 2748 et

141 2788 291 2870 prodigia,
314 2789 350 2850 ab
365 2788 413 2850 bis
429 2787 552 2850 senibus
569 2785 658 2866 facta,
680 2789 814 2867 quamvis
835 2791 1059 2870 ascriptoribus
1072 2791 1152 2854 illius
1162 2799 1241 2856 tem-

139 2901 224 2980 poris
234 2917 453 2980 saepenumero
465 2907 586 2979 praeter
599 2899 888 2964 verisimilitudinem
899 2910 1070 2982 narrantur,
1080 2902 1130 2964 vix
1142 2910 1240 2968 tamen

141 3027 261 3091 semper
281 3010 508 3094 psycbologice,
529 3017 564 3072 ut
584 3010 669 3074 multi
688 3009 836 3090 lecerunt,
858 3018 910 3074 aut
931 3009 1127 3092 alioquodam
1149 3021 1240 3076 natu-

141 3123 197 3188 rali
219 3107 308 3185 modo
330 3123 522 3203 interpreter.
567 3123 707 3203 Quisquis
723 3121 891 3186 Christiano
914 3123 1034 3186 nomine
1056 3141 1117 3186 non
1138 3121 1240 3206 indig-

141 3252 199 3298 nus
220 3241 278 3313 est,
297 3233 415 3316 magnis
436 3233 620 3314 temporibus
643 3251 762 3296 manum
783 3233 839 3296 Dei
872 3234 903 3298 in
932 3233 1102 3297 bominibus
1130 3253 1238 3317 magna

142 3343 250 3408 iecisse
272 3344 406 3424 profiteri
430 3352 551 3423 paratus
573 3353 628 3410 est.
659 3344 753 3426 idque
773 3346 870 3425 ipsum
893 3363 948 3408 cur
969 3345 1018 3408 bie
1040 3363 1101 3408 non
1123 3355 1240 3410 statua-

142 3461 202 3534 tur,
225 3473 316 3536 quum
337 3455 416 3518 idern
438 3457 469 3518 in
490 3455 632 3535 apostolis
662 3465 693 3520 et
721 3457 855 3536 patribus
878 3456 1024 3520 ecelesiae
1046 3457 1166 3520 minime
1187 3458 1238 3521 in-

141 3565 282 3646 fitiamur,
303 3583 363 3629 non
384 3564 530 3649 intelligo.
575 3565 609 3628 ln
631 3565 766 3630 labulosa
787 3576 885 3631 autem
906 3567 1111 3631 narrationum
1130 3565 1239 3651 soram

141 3678 168 3740 si
188 3693 405 3756 saepenumero
427 3675 601 3756 offenderis,
633 3678 711 3742 scito
734 3686 764 3742 et
786 3697 854 3744 cum
877 3681 976 3762 gentis
996 3680 1166 3764 Aegyptiae
1187 3683 1239 3745 in-

142 3787 217 3866 dola¹
240 3795 271 3850 et
302 3805 371 3851 cum
403 3788 550 3870 singulari
579 3807 684 3853 senum
717 3791 838 3854 vivendi
867 3809 981 3876 genere
1009 3801 1239 3873 temporumque
1337 3804 1339 3808 ·

140 3899 266 3980 insuper
287 3907 393 3962 natura
414 3917 480 3964 earn
501 3901 603 3964 intime
624 3903 803 3980 cobaerera3
834 3905 977 3985 quocirca
1004 3904 1064 3969 illis
1093 3903 1177 3966 libris
1200 3903 1238 3965 de

137 4063 392 4076 ——n-——uu-

172 4173 198 4245 1)
221 4173 359 4230 cassianus
380 4177 549 4231 anachoretas
569 4187 596 4230 at
616 4179 768 4234 coenobitas
789 4181 883 4240 „vivos
903 4184 1047 4245 martyree‘·
1067 4183 1152 4235 vocat.
1173 4175 1239 4236 Gall.

221 4265 319 4330 xvttt,
341 4269 366 4324 7.

172 4353 202 4420 2)
222 4351 396 4408 Tischendorl
414 4355 431 4412 l.
452 4354 469 4414 1.
490 4371 516 4423 p.
542 4355 605 4410 119.
