2974 4964
595 327 765 422 -lor
818 391 863 404 .-

178 566 262 616 mare
295 549 421 614 rubrum
450 565 487 614 ac
516 547 640 630 triginta
661 545 726 613 fare
754 543 890 612 milliaria
921 547 1012 616 dietat
1043 549 1186 618 alluvio.
1229 551 1279 622 Ad
1351 559 1364 566 ·

178 661 394 729 monasterium
416 659 512 740 igitur
544 677 640 740 quum·
667 659 818 730 ‚venissem
848 677 948 740 prope·
968 659 1092 726 fluvium
1123 662 1214 728 situm
1243 679 1279 729 ae

179 773 276 852 Pispir
298 781 452 850 vocatum,
475 769 533 836 ubi'
547 769 687 850 discipuli
708 771 773 837 eius
794 770 937 836 sedebant
957 771 1104 840 Macarius
1132 782 1163 838 et
1183 771 1281 838 Amne

176 891 233 962 tas,
267 883 319 963 qui
349 881 438 945 etiem
470 879 501 946 S.
530 878 694 944 Antonium
728 879 901 943 defunctum
930 881 1123 962 sepelierunt,
1148 884 1279 964 quinque

177 994 294 1071 diebus,
309 1021 311 1024 v
324 1001 358 1056 ut
386 990 416 1056 S.
445 989 609 1058 Antonium
638 992 842 1067 convenirem,
873 993 1039 1072 expectavi.
1084 993 1141 1068 Qui
1163 993 1200 1058 ad
1220 989 1279 1056 hoc

180 1103 395 1172 monasterium
417 1101 506 1164 modo
528 1109 596 1180 post
618 1101 733 1179 decem,
766 1101 857 1166 modo
889 1112 958 1182 post
973 1113 977 1118 '
990 1103 1111 1186 viginti,
1131 1103 1280 1170 interdum

179 1223 212 1280 et
233 1223 301 1295 post
322 1213 534 1295 quinquaginta
557 1212 623 1282 dies
645 1212 792 1278 accedere
813 1211 979 1291 dicebatur,
1002 1221 1092 1292 prout
1106 1213 1188 1276 Deus
1210 1225 1280 1278 eunt

179 1333 285 1408 ageret
306 1325 342 1386 ad
364 1322 602 1394 subveniendum
630 1323 678 1401 iis,
701 1323 752 1404 qui
775 1339 812 1386 ee
835 1321 1029 1400 advenerant
1074 1323 1157 1388 Varii
1179 1329 1279 1388 autent

178 1433 287 1504 tratres
317 1433 356 1496 ob
386 1432 485 1504 varias
520 1433 717 1496 necessitates
736 1449 1005 1509 conveneramus
1033 1449 1076 1499 err.
1102 1432 1211 1515 quihus
1251 1439 1283 1499 ot

177 1543 323 1626 Eulogius
334 1537 559 1607 Alexandrinus
570 1541 635 1616 fuit,
658 1559 728 1604 cum
749 1551 847 1620 eoque
869 1541 944 1610 alius
965 1541 1108 1608 membris
1126 1543 1279 1608 mancus..“

178 1653 253 1719 'lum
276 1669 377 1730 causa,
396 1669 455 1716 cur
477 1651 625 1732 Eulogius
647 1650 815 1725 mutilatum
836 1651 986 1721 hominem
1009 1652 1045 1716 ad
1068 1653 1283 1720 monasterium

180 1763 315 1845 „Magni‘
341 1761 511 1839 adduxerit,
531 1762 669 1840 exposita
690 1760 838 1828 Palladius
867 1762 907 1824 ita
930 1763 1045 1843 pergit:
1083 1761 1221 1842 „Evenit
1249 1767 1283 1828 ut

179 1873 276 1942 altero
299 1873 347 1934 die
369 1888 498 1952 maguus
519 1870 678 1948 Antonias,
701 1871 867 1952 chlamyde,
889 1873 967 1935 siout
988 1863 1116 1936 Cronius
1139 1870 1282 1948 narrauit,

181 1983 307 2063 pellicea
328 1983 454 2046 amiotus
468 1981 676 2061 ‘serovesperi
699 1983 825 2046 veniret.
847 1981 951 2062 Atque
973 1963 1136 2062 ingressus
1145 1989 1192 2044 est
1213 1987 1284 2044 mo*

181 2093 344 2162 casterium
366 2109 463 2158 suum.
504 2091 570 2154 Hae
591 2101 689 2159 autem
711 2091 742 2160 iu
767 2091 897 2158 Macaria
928 2091 1075 2172 discipulo
1097 2108 1153 2158 suo
1176 2090 1284 2176 debis,

181 2204 233 2286 qui
253 2203 446 2278 advenerant,
467 2202 686 2288 interrogando
707 2203 846 2272 utebatur
868 2203 1097 2282 consuetudine,
1121 2211 1153 2268 ut
1175 2219 1283 2268 mona·-
1375 2217 1376 2220 ’

180 2314 254 2380 clos
289 2323 413 2382 vocaret
452 2313 759 2396 Hierosolymitauos,
793 2315 964 2384 saeculares
980 2337 981 2342 ¹
996 2331 1071 2384 vcro
1104 2312 1283 2394 Aegyptios.

169 2413 306 2506 'Magnus
328 2425 442 2507 igitur:
473 2425 586 2496 Morari
612 2425 719 2503 frater,
746 2427 853 2506 inquit,
885 2434 1074 2492 veneruntne
1103 2427 1174 2487 hue¹
1192 2424 1284 2503 aliqui

179 2535 317 2602 fratres?
338 2535 524 2616 Respondet.
542 2535 710 2602 Venerunt.
754 2533 825 2598 llle:
847 2533 1126 2616 SuntneAegyptii,
1148 2551 1186 2599 an
1208 2533 1283 2596 111οι

179 2646 429 2725 rosolpr'nituni‘l
454 2645 549 2724 Eique
577 2644 698 2726 signum
726 2645 862 2722 dederat,
893 2653 927 2709 ut
956 2662 1021 2724 eos,
1052 2644 1161 2724 quibus
1183 2643 1282 2711 minue

180 2757 296 2839 negotii
328 2765 419 2835 esset,
451 2756 620 2840 Aegyptios
653 2773 723 2824 esse
751 2757 875 2825 eiceret.
919 2755 1020 2836 atquo
1049 2757 1087 2822 ad
1115 2754 1282 2839 Aegyptios

180 2867 263 2948 quod
283 2874 412 2948 spectat,
443 2867 589 2934 Macarius
619 2867 706 2946 Para,
727 2867 837 2947 inquit,
856 2867 978 2944 lentem,
999 2875 1036 2932 et
1050 2866 1097 2931 dax
1110 2867 1154 2928 cis
1176 2882 1283 2932 ceute*¹

180 2979 265 3044 alere.
292 2976 425 3045 'Deinde
456 2995 524 3044 cum
558 2977 597 3040 iis
624 2978 791 3044 orationem
812 2975 952 3054 iaciebat,
973 2971 1088 3056 eosque
1110 2976 1283 3048 dimittebat,

181 3091 265 3156 Tunc
286 3085 436 3156 Macarius
467 3087 505 3156 de
529 3088 620 3152 ¹nobis
642 3087 682 3150 ob
703 3085 871 3152 mutilatum
893 3086 977 3149 illurn
998 3087 1169 3168 respondite
1198 3084 1284 3158 Mutii

182 3199 299 3264 adsunt.
328 3197 395 3266 sm
415 3196 551 3263 dicebat:
575 3197 838 3290 Hierosolymitoui
859 3205 941 3275 sunt,
970 3205 1093 3263 sanctus
1115 3215 1170 3276 per
1191 3205 1284 3262 totam

181 3307 448 3385 noctemsetlcbat‚
468 3307 640 3388 artemque,
664 3326 740 3387 quae
760 3308 796 3372 ad
818 3307 944 3374 sulutem
956 3309 1116 3388 pertinent,
1138 3308 1284 3392 loqueba·

183 3430 244 3490 tun·
267 3421 320 3485 llla
342 3427 440 3497 nutem
455 3437 583 3498 vespera
593 3419 721 3501 Magnus
736 3419 846 3486 sedens
862 3437 966 3505 omnes
979 3420 1136 3490 arcessivit
1149 3463 1177 3486 ..
1194 3419 1242 3478 ··“
1258 3419 1282 3493 ¹)
1303 3479 1306 3483 ,

270 3531 325 3601 Hic
345 3529 440 3612 igitur
450 3529 603 3598 Macarius
612 3529 736 3598 Antonii
754 3529 894 3596 minister
913 3530 970 3595 fuit
982 3539 1071 3610 atque
1083 3531 1114 3592 in
1136 3529 1284 3600 coenobio

184 3640 373 3720 Ptspiriano,
402 3640 483 3720 quod
505 3649 553 3702 est
573 3658 669 3720 prope
683 3674 684 3678 =
698 3659 781 3706 mare
802 3642 937 3720 rubrum,
965 3642 1118 3720 habitavit,
1147 3639 1285 3707 Macariis

184 3735 337 3833 Aegyptio
359 3759 391 3818 et
411 3751 617 3818 Alexandrino
650 3753 682 3820 itt
703 3753 814 3820 eremis
834 3752 946 3833 Libyae
967 3735 1155 3836 degentibus}
1190 3753 1285 3825 Quem

154 3897 157 3900 -
185 3863 308 3942 quidem
326 3863 454 3928 Antonii
471 3863 639 3929 ministrum
661 3880 722 3931 nott
744 3862 837 3930 luisse
857 3863 1019 3929 Macerinus
1030 3861 1284 3948 Aegyptiumen

185 3974 234 4052 iis,
252 3981 333 4054 ‘quae
355 3973 393 4036 tle
415 3973 472 4036 hoe
494 3971 641 4039 Palladias
663 3975 778 4052 retulit,
799 3973 872 4042 setis
895 3973 1056 4054 colligitur.
1090 3969 1197 4047 Neque
1218 3969 1285 4035 Man

118 4161 121 4166 ¹
186 4086 300 4150 curium
321 4084 560 4150 Alexandrinum
582 4084 676 4152 luisse
696 4105 766 4152 curn
789 4083 947 4166 probabile
965 4091 1022 4161 est,
1045 4081 1136 4162 quud,
1158 4082 1186 4146 ai
1207 4080 1285 4154 tuta-

216 4320 249 4384 l)
263 4315 360 4372 'leutos
379 4313 489 4386 pemeus
506 4326 550 4372 oar
569 4321 635 4376 intre
655 4324 682 4374 iu
702 4321 863 4388 Appeadiea.
907 4361 910 4370 ,
