2990 4986
600 401 844 472 ...43-

179 603 303 664 llenisse
323 602 511 683 detegantur.
530 597 561 683 ¹)
606 601 726 662 Iuvenis
755 619 772 662 e
798 601 923 682 regione
944 601 1040 666 Gazae
1063 603 1146 666 urbis
1169 605 1277 664 orione

176 713 242 787 dus,
273 713 310 776 de
333 731 392 792 quo
415 713 446 773 in
468 713 528 773 vita
551 709 579 774 S.
604 710 763 772 Hilarionis
786 715 822 786 (†
845 708 924 786 372)
954 723 1104 790 narratur,
1134 731 1149 774 a
1178 716 1275 795 magis

176 824 301 885 edoctus
335 823 391 884 sub
421 822 510 883 limen
532 821 637 882 domus
668 819 785 900 puellae
819 829 932 882 amatae
962 829 1108 884 tormenta
1130 823 1274 902 quaedam

175 936 339 995 verborum
363 941 393 994 et
416 940 606 1012 portentosas
630 931 742 1010 figuras
765 931 794 990 in
818 932 898 992 aeris
920 931 1022 1012 Cyprii
1041 931 1147 993 larnina
1170 935 1274 1013 seulp-

174 1053 220 1106 tas
243 1043 356 1104 defodit
364 1063 372 1116 3
396 1062 455 1122 quo
478 1041 555 1103 laoto
577 1041 709 1102 insanire
732 1042 820 1122 virgo
844 1041 960 1120 eoepit,
983 1041 1143 1102 inolarnare
1164 1061 1273 1104 nornen

175 1153 374 1215 adolescentis
397 1162 426 1216 et
446 1170 518 1232 prae
544 1169 646 1214 amore
668 1153 699 1213 in
729 1150 864 1222 turorem
886 1151 975 1230 verti,
1009 1169 1068 1230 quo
1098 1171 1115 1213 a
1136 1152 1165 1214 S.
1189 1153 1274 1214 Hila-

175 1265 261 1324 rione
283 1263 426 1324 liberatur
442 1267 478 1340 ²).
524 1263 557 1324 ln
580 1273 683 1326 nostra
705 1263 802 1324 fabula
825 1281 930 1344 magus
952 1261 1101 1336 feminam,
1135 1264 1184 1324 oui
1205 1273 1274 1326 tur-

173 1390 241 1450 pem
264 1390 396 1434 arnorem
419 1373 546 1435 iniicere
575 1375 688 1453 nequit,
721 1393 781 1435 non
810 1375 850 1435 ita
880 1380 984 1450 mutat,
1014 1383 1047 1436 ut
1074 1373 1122 1453 sit,
1152 1375 1204 1436 sed
1240 1385 1273 1439 ut

172 1483 310 1545 videatur
333 1492 445 1546 tanturn
469 1503 544 1564 equa
567 1503 644 1547 esse.
690 1485 779 1564 Apud
800 1495 922 1548 veteres
945 1484 1078 1545 ethnicas
1094 1496 1201 1566 gentes
1224 1487 1273 1548 le-

126 1663 138 1682 x
172 1595 279 1674 gidus,
302 1594 438 1656 bornines
460 1594 604 1674 quosdam
626 1597 656 1654 in
679 1595 812 1655 animalia
835 1595 874 1656 ita
897 1595 1044 1674 converti,
1074 1604 1107 1657 ut
1136 1613 1170 1656 ro
1200 1615 1272 1658 vera

172 1704 307 1764 animalia
320 1706 389 1780 sint,
411 1723 540 1784 quorum
552 1713 700 1782 naturam,
718 1715 817 1766 rnente
832 1706 950 1786 integra
963 1713 1092 1780 servata,
1115 1707 1269 1785 accipiant.

171 1813 258 1887 Quod
291 1817 409 1894 experti
451 1823 520 1878 sunt
552 1816 627 1878 socii
657 1815 782 1896 Ulyssis,
816 1815 940 1893 Actaea,
969 1815 1018 1891 lo,
1052 1815 1100 1875 alii
1131 1834 1147 1876 a
1175 1816 1272 1891 Circe,

171 1923 275 2002 Diana,
297 1923 374 1986 Jove
397 1925 501 1986 aliisve
517 1925 572 1987 diis
594 1926 625 1986 in
648 1927 783 1987 animalia
807 1927 910 1988 mutati
926 1923 968 2008 ⁸).
1012 1925 1059 1988 Ao
1082 1928 1160 2006 rnagi
1183 1927 1272 1992 medii

173 2033 239 2093 aevi
262 2033 319 2112 ipsi
341 2035 458 2113 quidem
481 2035 604 2098 formam
621 2055 655 2098 ao
675 2046 809 2100 naturarn
833 2037 1000 2098 anirnaliurn
1023 2036 1160 2113 induunt,
1184 2037 1269 2098 cuius

172 2145 217 2204 rei
240 2143 374 2222 exempla
396 2145 473 2224 apud
495 2154 614 2208 veteres
637 2165 756 2226 quoque
778 2165 839 2209 non
862 2147 971 2209 desunt
984 2144 1029 2228 ⁴),
1052 2165 1150 2226 neque
1173 2155 1270 2208 tamen

171 2254 244 2315 alios
271 2255 301 2314 in
331 2255 466 2316 animalia
498 2265 620 2318 vertere
647 2258 781 2336 potuisse
810 2254 1004 2340 dicuntur⁵].
1049 2259 1149 2331 Quare
1180 2266 1209 2320 et
1233 2257 1268 2317 ab
1326 2235 1328 2238 ’

169 2365 235 2426 istis
259 2365 386 2444 antiquis
410 2375 440 2428 et
462 2367 498 2427 ab
515 2367 598 2428 bisce
617 2367 708 2428 medii
730 2367 796 2428 aevi
818 2369 1030 2430 mutationibus
1050 2376 1153 2430 nostra
1176 2367 1270 2448 probe

169 2485 215 2538 est
230 2476 452 2558 distinguenda,
474 2497 561 2558 quae,
583 2481 708 2562 magieis
727 2481 898 2560 praestigiis
921 2479 1037 2557 effecta,
1061 2497 1121 2541 non
1144 2481 1175 2540 in
1197 2497 1270 2540 cor-

170 2603 247 2663 pore
268 2585 408 2666 feminae,
438 2588 491 2650 sed
518 2591 549 2650 in
578 2589 674 2652 ooulis
697 2589 875 2652 intuentium
897 2588 1005 2651 extitit.
1048 2588 1149 2650 Talem
1172 2597 1270 2650 autern

171 2697 243 2774 viru,
265 2715 322 2776 qna
343 2699 496 2759 hominurn
518 2699 598 2788 oculi
620 2699 820 2780 decipiuntur,
837 2700 932 2781 magis
954 2699 1118 2760 attribuunt
1139 2699 1269 2762 Lactan-

170 2807 240 2884 tius,
274 2805 475 2870 Tertullianus
488 2805 529 2888 ⁶),
558 2809 706 2870 Minucius
739 2809 832 2871 Felix.
883 2810 907 2870 E
940 2809 1046 2889 quibus
1077 2809 1265 2872 Lactantius:

173 2915 348 2996 „Magorum
373 2935 492 2997 quoque
514 2937 573 2998 ars,
596 2921 703 3000 inquit,
726 2921 822 2982 ornnis
838 2938 872 2980 ao
894 2920 1026 2998 potentia
1047 2919 1154 2980 borum
1178 2920 1267 2998 (dae-

169 3034 301 3104 monum)
326 3028 555 3108 aspirationibus
578 3037 705 3108 constat,
738 3047 754 3090 a
782 3029 889 3108 quibus
911 3030 1040 3091 invocati
1063 3030 1145 3092 visus
1168 3013 1267 3090 honri-

197 3295 210 3342 1
247 3289 493 3346 LexHCod.l.l.

196 3382 213 3429 2
249 3379 273 3434 S.
297 3373 437 3431 Hilarionis
457 3384 510 3432 vita
531 3399 586 3448 cap.
611 3381 652 3435 14.
696 3385 784 3435 llosw.
808 3386 860 3440 VV.
882 3385 930 3438 PP.
954 3401 977 3450 p.
1001 3385 1044 3443 78,
1068 3386 1084 3434 2
1106 3399 1161 3452 sqq.

193 3467 224 3532 3)
247 3465 340 3530 odyss.
362 3472 392 3531 Χ,
415 3469 469 3522 229
492 3487 547 3538 sqq.
588 3469 664 3527 Ouid.
694 3473 794 3527 blatam.
822 3471 867 3522 lib.
889 3473 936 3534 lll,
969 3473 1021 3524 193
1043 3489 1098 3538 sqq,
1138 3467 1262 3533 Aesrbyl.

245 3555 371 3608 Pronetlr.
415 3556 492 3612 Ovio.
513 3559 612 3616 blatam.
634 3561 678 3616 lib.
700 3561 721 3624 l,
743 3561 806 3614 610.

194 3644 223 3706 tl)
246 3647 339 3699 Herod·
362 3645 406 3709 lv,
432 3648 495 3700 105.

192 3736 223 3792 5)
246 3736 336 3788 Grimm
363 3737 534 3804 Hythologie.
562 3737 611 3792 Ed.
637 3737 648 3787 l
670 3753 695 3802 p.
716 3739 780 3794 623.
822 3737 869 3789 Ubi
900 3739 938 3788 vir
959 3738 1050 3788 doctus
1077 3753 1128 3786 non
1160 3737 1262 3785 ornnino

243 3843 304 3876 vere
325 3827 423 3877 dixisse
452 3827 570 3890 videtur;
603 3843 660 3878 nam
681 3829 707 3878 in
728 3827 858 3878 Tritbernii
878 3825 938 3881 Chr.
961 3827 1029 3876 Hirs.
1052 3824 1084 3874 ad
1105 3840 1163 3874 ann.
1190 3823 1262 3874 1010

244 3915 276 3965 da
297 3917 391 3966 iuvene
411 3931 426 3966 a
447 3914 547 3965 duabus
567 3914 662 3966 vetulis
688 3917 714 3965 in
735 3915 839 3966 lormam
867 3917 933 3964 asini
954 3897 1049 3964 inritato
1078 3911 1182 3978 legitur.
1222 3907 1261 3966 Cf.

242 4005 315 4058 vino.
335 4003 436 4060 Bellon.
458 4005 532 4070 Spec.
552 4004 608 4055 Nat.
630 4003 678 4067 Ill,
709 4004 770 4060 109.
811 4004 967 4055 Heliodorus
995 4002 1109 4070 quemvis
1136 3999 1261 4050 bominem
1335 3993 1337 4000 ¹

242 4094 267 4142 in
289 4093 423 4160 quodlibet
443 4093 535 4144 animal
556 4100 652 4144 mutare
673 4101 782 4158 poterat.
822 4085 863 4142 Cl.
887 4092 1000 4143 Fazelli:
1023 4105 1105 4139 rerum
1119 4088 1260 4139 Sicularum

242 4181 318 4232 decas
339 4181 349 4232 l
370 4181 415 4238 lib.
436 4181 484 4243 lll,
510 4186 533 4245 1,
556 4183 591 4234 59
613 4199 668 4250 sqq.
709 4181 843 4233 Grimmius
865 4181 934 4230 illurn
956 4179 1039 4229 locum
1062 4176 1120 4228 libri
1143 4179 1181 4228 sui
1203 4181 1259 4244 ipso

191 4259 194 4264 ¹
243 4273 290 4320 iam
312 4270 467 4336 reprobasse
487 4271 604 4334 videtur3
627 4287 681 4322 nam
703 4273 729 4320 in
751 4271 831 4321 altera
852 4269 966 4318 editione
987 4255 1037 4318 non
1060 4266 1175 4320 babetur.

191 4359 220 4422 ὁ)
241 4359 353 4426 Apolog.
374 4375 431 4424 cap.
456 4363 500 4415 22.
522 4362 567 4412 23.
