<?xml version="1.0" encoding="UTF-8"?>
<!DOCTYPE html PUBLIC "-//W3C//DTD XHTML 1.0 Transitional//EN"
    "http://www.w3.org/TR/xhtml1/DTD/xhtml1-transitional.dtd">
<html xmlns="http://www.w3.org/1999/xhtml" xml:lang="en" lang="en">
 <head>
  <title>
</title>
<meta http-equiv="Content-Type" content="text/html;charset=utf-8" />
  <meta name='ocr-system' content='tesseract 3.04.00' />
  <meta name='ocr-capabilities' content='ocr_page ocr_carea ocr_par ocr_line ocrx_word'/>
</head>
<body>
  <div class='ocr_page' id='page_1' title='image "./macariiaegyptii00macagoog_0025.png"; bbox 0 0 2990 4986; ppageno 0'>
   <div class='ocr_carea' id='block_1_1' title="bbox 667 367 913 439">
    <p class='ocr_par' dir='ltr' id='par_1_1' title="bbox 667 367 913 439">
     <span class='ocr_line' id='line_1_1' title="bbox 667 367 913 439; baseline 0.004 -15"><span class='ocrx_word' id='word_1_1' title='bbox 667 367 913 439; x_wconf 75' lang='lat'>..10-</span> 
     </span>
    </p>
   </div>
   <div class='ocr_carea' id='block_1_2' title="bbox 237 565 1339 1974">
    <p class='ocr_par' dir='ltr' id='par_1_2' title="bbox 237 565 1339 1974">
     <span class='ocr_line' id='line_1_2' title="bbox 241 565 1339 650; baseline 0.004 -20"><span class='ocrx_word' id='word_1_2' title='bbox 241 567 328 646; x_wconf 84' lang='lat' dir='ltr'><strong>Quid,</strong></span> <span class='ocrx_word' id='word_1_3' title='bbox 351 567 434 648; x_wconf 92' lang='lat' dir='ltr'><strong>quod</strong></span> <span class='ocrx_word' id='word_1_4' title='bbox 454 566 512 648; x_wconf 88' lang='lat' dir='ltr'><strong>ipsi</strong></span> <span class='ocrx_word' id='word_1_5' title='bbox 532 565 707 630; x_wconf 75' lang='lat' dir='ltr'>fundatores</span> <span class='ocrx_word' id='word_1_6' title='bbox 728 575 759 630; x_wconf 90' lang='lat' dir='ltr'><strong>et</strong></span> <span class='ocrx_word' id='word_1_7' title='bbox 779 565 869 646; x_wconf 89' lang='lat' dir='ltr'><strong>primi</strong></span> <span class='ocrx_word' id='word_1_8' title='bbox 889 565 1060 636; x_wconf 87' lang='lat' dir='ltr'><strong>illiusvitue</strong></span> <span class='ocrx_word' id='word_1_9' title='bbox 1072 576 1224 650; x_wconf 75' lang='lat' dir='ltr'><strong>auctores,</strong></span> <span class='ocrx_word' id='word_1_10' title='bbox 1246 585 1339 650; x_wconf 89' lang='lat' dir='ltr'><strong>quum</strong></span> 
     </span>
     <span class='ocr_line' id='line_1_3' title="bbox 241 675 1338 762; baseline 0.004 -22"><span class='ocrx_word' id='word_1_11' title='bbox 241 679 349 759; x_wconf 84' lang='lat' dir='ltr'><strong>iugens</strong></span> <span class='ocrx_word' id='word_1_12' title='bbox 390 677 543 740; x_wconf 89' lang='lat' dir='ltr'><strong>hominum</strong></span> <span class='ocrx_word' id='word_1_13' title='bbox 575 676 732 740; x_wconf 89' lang='lat' dir='ltr'><strong>multitudo</strong></span> <span class='ocrx_word' id='word_1_14' title='bbox 769 675 903 739; x_wconf 90' lang='lat' dir='ltr'><strong>cuiusvis</strong></span> <span class='ocrx_word' id='word_1_15' title='bbox 940 677 1044 742; x_wconf 84' lang='lat' dir='ltr'><strong>aetatis</strong></span> <span class='ocrx_word' id='word_1_16' title='bbox 1072 680 1229 762; x_wconf 89' lang='lat' dir='ltr'><strong>omnisque</strong></span> <span class='ocrx_word' id='word_1_17' title='bbox 1257 681 1338 746; x_wconf 88' lang='lat' dir='ltr'><strong>vitoe</strong></span> 
     </span>
     <span class='ocr_line' id='line_1_4' title="bbox 240 785 1339 872; baseline 0.004 -20"><span class='ocrx_word' id='word_1_18' title='bbox 240 788 420 852; x_wconf 90' lang='lat' dir='ltr'><strong>conditionis</strong></span> <span class='ocrx_word' id='word_1_19' title='bbox 441 797 530 867; x_wconf 91' lang='lat' dir='ltr'><strong>atque</strong></span> <span class='ocrx_word' id='word_1_20' title='bbox 552 787 674 868; x_wconf 87' lang='lat' dir='ltr'><strong>generis</strong></span> <span class='ocrx_word' id='word_1_21' title='bbox 703 786 740 848; x_wconf 90' lang='lat' dir='ltr'><strong>ad</strong></span> <span class='ocrx_word' id='word_1_22' title='bbox 768 804 822 850; x_wconf 89' lang='lat' dir='ltr'><strong>eos</strong></span> <span class='ocrx_word' id='word_1_23' title='bbox 845 785 1021 867; x_wconf 86' lang='lat' dir='ltr'><strong>conflueret,</strong></span> <span class='ocrx_word' id='word_1_24' title='bbox 1054 789 1092 851; x_wconf 93' lang='lat' dir='ltr'><strong>ad</strong></span> <span class='ocrx_word' id='word_1_25' title='bbox 1119 790 1218 870; x_wconf 88' lang='lat' dir='ltr'><strong>linem,</strong></span> <span class='ocrx_word' id='word_1_26' title='bbox 1248 809 1339 872; x_wconf 92' lang='lat' dir='ltr'><strong>quem</strong></span> 
     </span>
     <span class='ocr_line' id='line_1_5' title="bbox 239 897 1337 982; baseline 0 -18"><span class='ocrx_word' id='word_1_27' title='bbox 239 901 323 964; x_wconf 89' lang='lat' dir='ltr'><strong>initio</strong></span> <span class='ocrx_word' id='word_1_28' title='bbox 346 899 403 962; x_wconf 90' lang='lat' dir='ltr'><strong>sibi</strong></span> <span class='ocrx_word' id='word_1_29' title='bbox 423 898 663 978; x_wconf 82' lang='lat' dir='ltr'><strong>proposuissent,</strong></span> <span class='ocrx_word' id='word_1_30' title='bbox 690 913 751 959; x_wconf 90' lang='lat' dir='ltr'><strong>non</strong></span> <span class='ocrx_word' id='word_1_31' title='bbox 773 897 934 976; x_wconf 89' lang='lat' dir='ltr'><strong>pervenire</strong></span> <span class='ocrx_word' id='word_1_32' title='bbox 961 916 995 960; x_wconf 93' lang='lat' dir='ltr'><strong>se</strong></span> <span class='ocrx_word' id='word_1_33' title='bbox 1025 899 1123 978; x_wconf 82' lang='lat' dir='ltr'><strong>questi</strong></span> <span class='ocrx_word' id='word_1_34' title='bbox 1151 899 1225 962; x_wconf 89' lang='lat' dir='ltr'><strong>sinti</strong></span> <span class='ocrx_word' id='word_1_35' title='bbox 1271 900 1337 982; x_wconf 88' lang='lat' dir='ltr'><strong>illo,</strong></span> 
     </span>
     <span class='ocr_line' id='line_1_6' title="bbox 240 1008 1338 1093; baseline 0.005 -20"><span class='ocrx_word' id='word_1_36' title='bbox 240 1028 300 1090; x_wconf 92' lang='lat' dir='ltr'><strong>quo</strong></span> <span class='ocrx_word' id='word_1_37' title='bbox 322 1009 352 1074; x_wconf 89' lang='lat' dir='ltr'><strong>S.</strong></span> <span class='ocrx_word' id='word_1_38' title='bbox 374 1009 524 1074; x_wconf 84' lang='lat' dir='ltr'><strong>Antonius</strong></span> <span class='ocrx_word' id='word_1_39' title='bbox 546 1008 745 1087; x_wconf 90' lang='lat' dir='ltr'><strong>moriebatur,</strong></span> <span class='ocrx_word' id='word_1_40' title='bbox 769 1025 846 1070; x_wconf 91' lang='lat' dir='ltr'><strong>auno</strong></span> <span class='ocrx_word' id='word_1_41' title='bbox 876 1008 907 1074; x_wconf 88' lang='lat' dir='ltr'><strong>S.</strong></span> <span class='ocrx_word' id='word_1_42' title='bbox 929 1009 1074 1089; x_wconf 75' lang='lat' dir='ltr'><strong>Hilarius,</strong></span> <span class='ocrx_word' id='word_1_43' title='bbox 1103 1012 1153 1091; x_wconf 91' lang='lat' dir='ltr'><strong>qui</strong></span> <span class='ocrx_word' id='word_1_44' title='bbox 1181 1011 1213 1073; x_wconf 93' lang='lat' dir='ltr'><strong>in</strong></span> <span class='ocrx_word' id='word_1_45' title='bbox 1233 1010 1338 1093; x_wconf 76' lang='lat' dir='ltr'><strong>Syriae</strong></span> 
     </span>
     <span class='ocr_line' id='line_1_7' title="bbox 239 1118 1338 1199; baseline 0 -15"><span class='ocrx_word' id='word_1_46' title='bbox 239 1120 368 1185; x_wconf 88' lang='lat' dir='ltr'><strong>desertis</strong></span> <span class='ocrx_word' id='word_1_47' title='bbox 389 1119 571 1182; x_wconf 87' lang='lat' dir='ltr'><strong>monasteria</strong></span> <span class='ocrx_word' id='word_1_48' title='bbox 592 1119 771 1197; x_wconf 88' lang='lat' dir='ltr'><strong>instituerat,</strong></span> <span class='ocrx_word' id='word_1_49' title='bbox 794 1134 862 1180; x_wconf 91' lang='lat' dir='ltr'><strong>cum</strong></span> <span class='ocrx_word' id='word_1_50' title='bbox 882 1118 996 1199; x_wconf 86' lang='lat' dir='ltr'><strong>grande</strong></span> <span class='ocrx_word' id='word_1_51' title='bbox 1017 1118 1184 1192; x_wconf 85' lang='lat' dir='ltr'><strong>aedilicium</strong></span> <span class='ocrx_word' id='word_1_52' title='bbox 1205 1127 1237 1184; x_wconf 88' lang='lat' dir='ltr'><strong>et</strong></span> <span class='ocrx_word' id='word_1_53' title='bbox 1257 1121 1338 1184; x_wconf 89' lang='lat' dir='ltr'><strong>mul-</strong></span> 
     </span>
     <span class='ocr_line' id='line_1_8' title="bbox 238 1227 1339 1312; baseline 0.001 -18"><span class='ocrx_word' id='word_1_54' title='bbox 238 1230 395 1294; x_wconf 86' lang='lat' dir='ltr'><strong>titudinem</strong></span> <span class='ocrx_word' id='word_1_55' title='bbox 421 1247 525 1293; x_wconf 90' lang='lat' dir='ltr'><strong>secum</strong></span> <span class='ocrx_word' id='word_1_56' title='bbox 554 1227 750 1292; x_wconf 81' lang='lat' dir='ltr'><strong>habitantium</strong></span> <span class='ocrx_word' id='word_1_57' title='bbox 777 1229 941 1308; x_wconf 85' lang='lat' dir='ltr'><strong>turbasque</strong></span> <span class='ocrx_word' id='word_1_58' title='bbox 969 1247 1074 1292; x_wconf 87' lang='lat' dir='ltr'><strong>eorum</strong></span> <span class='ocrx_word' id='word_1_59' title='bbox 1101 1240 1258 1311; x_wconf 91' lang='lat' dir='ltr'><strong>cerneret,</strong></span> <span class='ocrx_word' id='word_1_60' title='bbox 1286 1231 1339 1312; x_wconf 91' lang='lat' dir='ltr'><strong>qui</strong></span> 
     </span>
     <span class='ocr_line' id='line_1_9' title="bbox 239 1337 1339 1422; baseline 0.002 -18"><span class='ocrx_word' id='word_1_61' title='bbox 239 1341 367 1404; x_wconf 90' lang='lat' dir='ltr'><strong>diversis</strong></span> <span class='ocrx_word' id='word_1_62' title='bbox 395 1340 592 1422; x_wconf 73' lang='lat' dir='ltr'><strong>languoribus</strong></span> <span class='ocrx_word' id='word_1_63' title='bbox 625 1347 655 1402; x_wconf 91' lang='lat' dir='ltr'><strong>et</strong></span> <span class='ocrx_word' id='word_1_64' title='bbox 683 1337 842 1400; x_wconf 90' lang='lat' dir='ltr'><strong>immundis</strong></span> <span class='ocrx_word' id='word_1_65' title='bbox 871 1337 1026 1418; x_wconf 91' lang='lat' dir='ltr'><strong>spiritibus</strong></span> <span class='ocrx_word' id='word_1_66' title='bbox 1053 1349 1215 1420; x_wconf 90' lang='lat' dir='ltr'><strong>occupatos</strong></span> <span class='ocrx_word' id='word_1_67' title='bbox 1238 1343 1275 1404; x_wconf 89' lang='lat' dir='ltr'><strong>ad</strong></span> <span class='ocrx_word' id='word_1_68' title='bbox 1304 1358 1339 1406; x_wconf 90' lang='lat' dir='ltr'><strong>so</strong></span> 
     </span>
     <span class='ocr_line' id='line_1_10' title="bbox 238 1449 1337 1532; baseline 0.001 -18"><span class='ocrx_word' id='word_1_69' title='bbox 238 1451 436 1529; x_wconf 82' lang='lat' dir='ltr'><strong>deducebant,</strong></span> <span class='ocrx_word' id='word_1_70' title='bbox 466 1453 508 1514; x_wconf 89' lang='lat' dir='ltr'><strong>ita</strong></span> <span class='ocrx_word' id='word_1_71' title='bbox 530 1461 564 1515; x_wconf 92' lang='lat' dir='ltr'><strong>ut</strong></span> <span class='ocrx_word' id='word_1_72' title='bbox 585 1450 665 1513; x_wconf 92' lang='lat' dir='ltr'><strong>omni</strong></span> <span class='ocrx_word' id='word_1_73' title='bbox 684 1466 800 1532; x_wconf 83' lang='lat' dir='ltr'><strong>genere</strong></span> <span class='ocrx_word' id='word_1_74' title='bbox 821 1449 973 1512; x_wconf 88' lang='lat' dir='ltr'><strong>hominurn</strong></span> <span class='ocrx_word' id='word_1_75' title='bbox 995 1457 1058 1514; x_wconf 90' lang='lat' dir='ltr'><strong>tota</strong></span> <span class='ocrx_word' id='word_1_76' title='bbox 1080 1451 1210 1516; x_wconf 87' lang='lat' dir='ltr'><strong>solitudo</strong></span> <span class='ocrx_word' id='word_1_77' title='bbox 1232 1451 1337 1531; x_wconf 91' lang='lat' dir='ltr'><strong>reple-</strong></span> 
     </span>
     <span class='ocr_line' id='line_1_11' title="bbox 238 1560 1338 1642; baseline -0.002 -16"><span class='ocrx_word' id='word_1_78' title='bbox 238 1572 335 1642; x_wconf 93' lang='lat' dir='ltr'><strong>retur,</strong></span> <span class='ocrx_word' id='word_1_79' title='bbox 356 1563 490 1642; x_wconf 88' lang='lat' dir='ltr'><strong>quotidie</strong></span> <span class='ocrx_word' id='word_1_80' title='bbox 512 1562 602 1626; x_wconf 89' lang='lat' dir='ltr'><strong>tiebat</strong></span> <span class='ocrx_word' id='word_1_81' title='bbox 624 1578 764 1624; x_wconf 90' lang='lat' dir='ltr'><strong>moerens</strong></span> <span class='ocrx_word' id='word_1_82' title='bbox 787 1579 823 1622; x_wconf 89' lang='lat' dir='ltr'><strong>ac</strong></span> <span class='ocrx_word' id='word_1_83' title='bbox 838 1560 957 1624; x_wconf 87' lang='lat' dir='ltr'><strong>dicens:</strong></span> <span class='ocrx_word' id='word_1_84' title='bbox 980 1577 1088 1624; x_wconf 89' lang='lat' dir='ltr'><strong>rursus</strong></span> <span class='ocrx_word' id='word_1_85' title='bbox 1110 1579 1145 1626; x_wconf 92' lang='lat' dir='ltr'><strong>se</strong></span> <span class='ocrx_word' id='word_1_86' title='bbox 1166 1561 1203 1624; x_wconf 91' lang='lat' dir='ltr'><strong>ad</strong></span> <span class='ocrx_word' id='word_1_87' title='bbox 1226 1577 1338 1625; x_wconf 89' lang='lat' dir='ltr'><strong>saecu-</strong></span> 
     </span>
     <span class='ocr_line' id='line_1_12' title="bbox 238 1671 1338 1752; baseline -0.003 -15"><span class='ocrx_word' id='word_1_88' title='bbox 238 1675 299 1737; x_wconf 92' lang='lat' dir='ltr'><strong>lum</strong></span> <span class='ocrx_word' id='word_1_89' title='bbox 321 1691 479 1736; x_wconf 91' lang='lat' dir='ltr'><strong>reversum</strong></span> <span class='ocrx_word' id='word_1_90' title='bbox 501 1690 580 1752; x_wconf 87' lang='lat' dir='ltr'><strong>esse,</strong></span> <span class='ocrx_word' id='word_1_91' title='bbox 603 1673 776 1736; x_wconf 90' lang='lat' dir='ltr'><strong>monasterii</strong></span> <span class='ocrx_word' id='word_1_92' title='bbox 798 1673 918 1734; x_wconf 90' lang='lat' dir='ltr'><strong>nomine</strong></span> <span class='ocrx_word' id='word_1_93' title='bbox 940 1671 978 1734; x_wconf 86' lang='lat' dir='ltr'><strong>od</strong></span> <span class='ocrx_word' id='word_1_94' title='bbox 1000 1672 1251 1752; x_wconf 88' lang='lat' dir='ltr'><strong>dispensationem</strong></span> <span class='ocrx_word' id='word_1_95' title='bbox 1271 1671 1338 1736; x_wconf 87' lang='lat' dir='ltr'><strong>lra-</strong></span> 
     </span>
     <span class='ocr_line' id='line_1_13' title="bbox 237 1783 1338 1863; baseline 0 -17"><span class='ocrx_word' id='word_1_96' title='bbox 237 1792 319 1846; x_wconf 91' lang='lat' dir='ltr'><strong>trum</strong></span> <span class='ocrx_word' id='word_1_97' title='bbox 355 1801 390 1847; x_wconf 89' lang='lat' dir='ltr'><strong>se</strong></span> <span class='ocrx_word' id='word_1_98' title='bbox 421 1783 509 1846; x_wconf 92' lang='lat' dir='ltr'><strong>villae</strong></span> <span class='ocrx_word' id='word_1_99' title='bbox 536 1785 744 1863; x_wconf 88' lang='lat' dir='ltr'><strong>possessiones</strong></span> <span class='ocrx_word' id='word_1_100' title='bbox 776 1791 806 1845; x_wconf 92' lang='lat' dir='ltr'><strong>et</strong></span> <span class='ocrx_word' id='word_1_101' title='bbox 834 1783 1049 1862; x_wconf 87' lang='lat' dir='ltr'><strong>supellectilem</strong></span> <span class='ocrx_word' id='word_1_102' title='bbox 1082 1783 1194 1846; x_wconf 86' lang='lat' dir='ltr'><strong>habere</strong></span> <span class='ocrx_word' id='word_1_103' title='bbox 1201 1802 1210 1858; x_wconf 84' lang='lat'>3</span> <span class='ocrx_word' id='word_1_104' title='bbox 1244 1799 1338 1862; x_wconf 90' lang='lat' dir='ltr'><strong>quare</strong></span> 
     </span>
     <span class='ocr_line' id='line_1_14' title="bbox 238 1893 1333 1974; baseline 0.001 -19"><span class='ocrx_word' id='word_1_105' title='bbox 238 1901 342 1972; x_wconf 91' lang='lat' dir='ltr'><strong>postea</strong></span> <span class='ocrx_word' id='word_1_106' title='bbox 364 1893 453 1956; x_wconf 91' lang='lat' dir='ltr'><strong>aedes</strong></span> <span class='ocrx_word' id='word_1_107' title='bbox 475 1893 505 1954; x_wconf 96' lang='lat' dir='ltr'><strong>in</strong></span> <span class='ocrx_word' id='word_1_108' title='bbox 528 1893 639 1956; x_wconf 89' lang='lat' dir='ltr'><strong>Juliani</strong></span> <span class='ocrx_word' id='word_1_109' title='bbox 666 1901 817 1974; x_wconf 86' lang='lat' dir='ltr'><strong>apostatae</strong></span> <span class='ocrx_word' id='word_1_110' title='bbox 838 1893 1061 1973; x_wconf 89' lang='lat' dir='ltr'><strong>persecutione,</strong></span> <span class='ocrx_word' id='word_1_111' title='bbox 1096 1894 1166 1956; x_wconf 91' lang='lat' dir='ltr'><strong>durn</strong></span> <span class='ocrx_word' id='word_1_112' title='bbox 1188 1895 1254 1974; x_wconf 92' lang='lat' dir='ltr'><strong>ipse</strong></span> <span class='ocrx_word' id='word_1_113' title='bbox 1276 1893 1333 1956; x_wconf 85' lang='lat' dir='ltr'><strong>ab·</strong></span> 
     </span>
    </p>
   </div>
   <div class='ocr_carea' id='block_1_3' title="bbox 238 2003 1485 2084">
    <p class='ocr_par' dir='ltr' id='par_1_3' title="bbox 238 2003 1485 2084">
     <span class='ocr_line' id='line_1_15' title="bbox 238 2003 1485 2084; baseline 0.003 -19"><span class='ocrx_word' id='word_1_114' title='bbox 238 2003 310 2082; x_wconf 88' lang='lat' dir='ltr'><strong>luit,</strong></span> <span class='ocrx_word' id='word_1_115' title='bbox 347 2005 461 2069; x_wconf 89' lang='lat' dir='ltr'><strong>dirutas</strong></span> <span class='ocrx_word' id='word_1_116' title='bbox 490 2005 653 2068; x_wconf 84' lang='lat' dir='ltr'><strong>restituere</strong></span> <span class='ocrx_word' id='word_1_117' title='bbox 683 2005 792 2084; x_wconf 94' lang='lat' dir='ltr'><strong>noluit,</strong></span> <span class='ocrx_word' id='word_1_118' title='bbox 822 2005 876 2068; x_wconf 91' lang='lat' dir='ltr'><strong>sed</strong></span> <span class='ocrx_word' id='word_1_119' title='bbox 909 2005 940 2068; x_wconf 92' lang='lat' dir='ltr'><strong>in</strong></span> <span class='ocrx_word' id='word_1_120' title='bbox 967 2006 1121 2069; x_wconf 84' lang='lat' dir='ltr'><strong>vastitates</strong></span> <span class='ocrx_word' id='word_1_121' title='bbox 1152 2006 1277 2068; x_wconf 89' lang='lat' dir='ltr'><strong>secessit</strong></span> <span class='ocrx_word' id='word_1_122' title='bbox 1297 2009 1333 2080; x_wconf 81' lang='lat'><strong>¹).</strong></span> <span class='ocrx_word' id='word_1_123' title='bbox 1407 2027 1411 2030; x_wconf 93' lang='lat'>·</span> <span class='ocrx_word' id='word_1_124' title='bbox 1484 2007 1485 2010; x_wconf 74' lang='grc'>’</span> 
     </span>
    </p>
   </div>
   <div class='ocr_carea' id='block_1_4' title="bbox 237 2113 1340 2862">
    <p class='ocr_par' dir='ltr' id='par_1_4' title="bbox 237 2113 1340 2862">
     <span class='ocr_line' id='line_1_16' title="bbox 237 2113 1335 2198; baseline 0 -20"><span class='ocrx_word' id='word_1_125' title='bbox 237 2115 343 2196; x_wconf 86' lang='lat' dir='ltr'><strong>Neque</strong></span> <span class='ocrx_word' id='word_1_126' title='bbox 364 2115 487 2196; x_wconf 88' lang='lat' dir='ltr'><strong>inlitior,</strong></span> <span class='ocrx_word' id='word_1_127' title='bbox 509 2117 650 2198; x_wconf 86' lang='lat' dir='ltr'><strong>indignos</strong></span> <span class='ocrx_word' id='word_1_128' title='bbox 664 2133 877 2196; x_wconf 90' lang='lat' dir='ltr'><strong>nonuunquam</strong></span> <span class='ocrx_word' id='word_1_129' title='bbox 898 2116 1129 2179; x_wconf 88' lang='lat' dir='ltr'><strong>admouasteria</strong></span> <span class='ocrx_word' id='word_1_130' title='bbox 1150 2113 1335 2196; x_wconf 81' lang='lat' dir='ltr'><strong>confugisse,</strong></span> 
     </span>
     <span class='ocr_line' id='line_1_17' title="bbox 238 2225 1337 2306; baseline 0.002 -18"><span class='ocrx_word' id='word_1_131' title='bbox 238 2227 324 2290; x_wconf 91' lang='lat' dir='ltr'><strong>cuius</strong></span> <span class='ocrx_word' id='word_1_132' title='bbox 351 2229 397 2289; x_wconf 90' lang='lat' dir='ltr'><strong>rei</strong></span> <span class='ocrx_word' id='word_1_133' title='bbox 426 2227 562 2306; x_wconf 86' lang='lat' dir='ltr'><strong>exempla</strong></span> <span class='ocrx_word' id='word_1_134' title='bbox 596 2228 673 2306; x_wconf 90' lang='lat' dir='ltr'><strong>apud</strong></span> <span class='ocrx_word' id='word_1_135' title='bbox 700 2227 864 2306; x_wconf 91' lang='lat' dir='ltr'><strong>scriptores</strong></span> <span class='ocrx_word' id='word_1_136' title='bbox 894 2227 1080 2306; x_wconf 88' lang='lat' dir='ltr'><strong>invenimus,</strong></span> <span class='ocrx_word' id='word_1_137' title='bbox 1112 2225 1184 2288; x_wconf 89' lang='lat' dir='ltr'><strong>licet</strong></span> <span class='ocrx_word' id='word_1_138' title='bbox 1215 2225 1337 2306; x_wconf 85' lang='lat' dir='ltr'><strong>plurimi</strong></span> 
     </span>
     <span class='ocr_line' id='line_1_18' title="bbox 237 2335 1338 2416; baseline 0.002 -18"><span class='ocrx_word' id='word_1_139' title='bbox 237 2337 320 2416; x_wconf 90' lang='lat' dir='ltr'><strong>impii</strong></span> <span class='ocrx_word' id='word_1_140' title='bbox 347 2351 453 2398; x_wconf 90' lang='lat' dir='ltr'><strong>senum</strong></span> <span class='ocrx_word' id='word_1_141' title='bbox 485 2335 711 2400; x_wconf 88' lang='lat' dir='ltr'><strong>mausuetudine</strong></span> <span class='ocrx_word' id='word_1_142' title='bbox 741 2335 783 2415; x_wconf 90' lang='lat' dir='ltr'><strong>pii</strong></span> <span class='ocrx_word' id='word_1_143' title='bbox 810 2335 930 2398; x_wconf 90' lang='lat' dir='ltr'><strong>taudem</strong></span> <span class='ocrx_word' id='word_1_144' title='bbox 963 2335 1064 2398; x_wconf 85' lang='lat' dir='ltr'><strong>effecti</strong></span> <span class='ocrx_word' id='word_1_145' title='bbox 1099 2335 1216 2413; x_wconf 86' lang='lat' dir='ltr'><strong>sint²);</strong></span> <span class='ocrx_word' id='word_1_146' title='bbox 1245 2336 1338 2400; x_wconf 91' lang='lat' dir='ltr'><strong>immo</strong></span> 
     </span>
     <span class='ocr_line' id='line_1_19' title="bbox 237 2445 1340 2526; baseline -0.002 -16"><span class='ocrx_word' id='word_1_147' title='bbox 237 2447 318 2526; x_wconf 89' lang='lat' dir='ltr'><strong>ipsas</strong></span> <span class='ocrx_word' id='word_1_148' title='bbox 345 2446 488 2510; x_wconf 90' lang='lat' dir='ltr'><strong>haereses</strong></span> <span class='ocrx_word' id='word_1_149' title='bbox 517 2464 557 2510; x_wconf 86' lang='lat' dir='ltr'><strong>ex</strong></span> <span class='ocrx_word' id='word_1_150' title='bbox 585 2447 683 2508; x_wconf 90' lang='lat' dir='ltr'><strong>caecis</strong></span> <span class='ocrx_word' id='word_1_151' title='bbox 711 2447 923 2510; x_wconf 90' lang='lat' dir='ltr'><strong>nonnullorum</strong></span> <span class='ocrx_word' id='word_1_152' title='bbox 951 2446 1057 2511; x_wconf 91' lang='lat' dir='ltr'><strong>studiis</strong></span> <span class='ocrx_word' id='word_1_153' title='bbox 1084 2445 1235 2510; x_wconf 90' lang='lat' dir='ltr'><strong>interdum</strong></span> <span class='ocrx_word' id='word_1_154' title='bbox 1262 2463 1340 2526; x_wconf 86' lang='lat' dir='ltr'><strong>pro-</strong></span> 
     </span>
     <span class='ocr_line' id='line_1_20' title="bbox 237 2555 1339 2638; baseline -0.001 -19"><span class='ocrx_word' id='word_1_155' title='bbox 237 2559 368 2622; x_wconf 78' lang='lat' dir='ltr'><strong>cessisse</strong></span> <span class='ocrx_word' id='word_1_156' title='bbox 383 2557 419 2633; x_wconf 80' lang='lat'><strong>³).</strong></span> <span class='ocrx_word' id='word_1_157' title='bbox 463 2555 522 2620; x_wconf 91' lang='lat' dir='ltr'><strong>Sed</strong></span> <span class='ocrx_word' id='word_1_158' title='bbox 549 2556 741 2620; x_wconf 90' lang='lat' dir='ltr'><strong>nihilominus</strong></span> <span class='ocrx_word' id='word_1_159' title='bbox 769 2563 906 2638; x_wconf 87' lang='lat' dir='ltr'><strong>tempora</strong></span> <span class='ocrx_word' id='word_1_160' title='bbox 941 2555 991 2617; x_wconf 94' lang='lat' dir='ltr'><strong>illa</strong></span> <span class='ocrx_word' id='word_1_161' title='bbox 1026 2555 1152 2620; x_wconf 89' lang='lat' dir='ltr'><strong>salutem</strong></span> <span class='ocrx_word' id='word_1_162' title='bbox 1190 2555 1339 2620; x_wconf 90' lang='lat' dir='ltr'><strong>ecclesiae</strong></span> 
     </span>
     <span class='ocr_line' id='line_1_21' title="bbox 237 2665 1340 2749; baseline 0 -19"><span class='ocrx_word' id='word_1_163' title='bbox 237 2687 325 2749; x_wconf 90' lang='lat' dir='ltr'><strong>quarn</strong></span> <span class='ocrx_word' id='word_1_164' title='bbox 353 2667 481 2730; x_wconf 86' lang='lat' dir='ltr'><strong>maxime</strong></span> <span class='ocrx_word' id='word_1_165' title='bbox 512 2677 737 2748; x_wconf 89' lang='lat' dir='ltr'><strong>promoverunt.</strong></span> <span class='ocrx_word' id='word_1_166' title='bbox 790 2667 876 2742; x_wconf 82' lang='lat' dir='ltr'><strong>Quod</strong></span> <span class='ocrx_word' id='word_1_167' title='bbox 904 2666 1000 2731; x_wconf 90' lang='lat' dir='ltr'><strong>tribus</strong></span> <span class='ocrx_word' id='word_1_168' title='bbox 1030 2666 1181 2746; x_wconf 89' lang='lat' dir='ltr'><strong>prioribus</strong></span> <span class='ocrx_word' id='word_1_169' title='bbox 1211 2665 1340 2730; x_wconf 89' lang='lat' dir='ltr'><strong>saeculis</strong></span> 
     </span>
     <span class='ocr_line' id='line_1_22' title="bbox 240 2777 1339 2862; baseline -0.002 -20"><span class='ocrx_word' id='word_1_170' title='bbox 240 2788 399 2862; x_wconf 72' lang='lat' dir='ltr'><strong>martyres,</strong></span> <span class='ocrx_word' id='word_1_171' title='bbox 431 2779 462 2842; x_wconf 93' lang='lat' dir='ltr'><strong>id</strong></span> <span class='ocrx_word' id='word_1_172' title='bbox 492 2789 597 2860; x_wconf 88' lang='lat' dir='ltr'><strong>quarto</strong></span> <span class='ocrx_word' id='word_1_173' title='bbox 630 2787 661 2842; x_wconf 90' lang='lat' dir='ltr'><strong>ct</strong></span> <span class='ocrx_word' id='word_1_174' title='bbox 695 2778 819 2842; x_wconf 91' lang='lat' dir='ltr'><strong>ineunte</strong></span> <span class='ocrx_word' id='word_1_175' title='bbox 846 2779 950 2859; x_wconf 90' lang='lat' dir='ltr'><strong>quinto</strong></span> <span class='ocrx_word' id='word_1_176' title='bbox 979 2778 1102 2844; x_wconf 87' lang='lat' dir='ltr'><strong>saeculo</strong></span> <span class='ocrx_word' id='word_1_177' title='bbox 1130 2777 1339 2856; x_wconf 89' lang='lat' dir='ltr'><strong>anachoretae,</strong></span> 
     </span>
    </p>
   </div>
   <div class='ocr_carea' id='block_1_5' title="bbox 267 3002 1337 3248">
    <p class='ocr_par' dir='ltr' id='par_1_5' title="bbox 267 3002 1337 3248">
     <span class='ocr_line' id='line_1_23' title="bbox 268 3002 1226 3072; baseline -0.004 -14"><span class='ocrx_word' id='word_1_178' title='bbox 268 3005 295 3068; x_wconf 82' lang='lat' dir='ltr'><strong>i)</strong></span> <span class='ocrx_word' id='word_1_179' title='bbox 317 3005 374 3056; x_wconf 90' lang='lat' dir='ltr'><strong>Vita</strong></span> <span class='ocrx_word' id='word_1_180' title='bbox 395 3004 520 3056; x_wconf 83' lang='lat' dir='ltr'><strong>llilariou.</strong></span> <span class='ocrx_word' id='word_1_181' title='bbox 533 3020 590 3072; x_wconf 92' lang='lat' dir='ltr'><strong>cap.</strong></span> <span class='ocrx_word' id='word_1_182' title='bbox 611 3007 646 3060; x_wconf 79' lang='lat'><strong>23</strong></span> <span class='ocrx_word' id='word_1_183' title='bbox 668 3020 724 3072; x_wconf 86' lang='lat' dir='ltr'><strong>sqq.</strong></span> <span class='ocrx_word' id='word_1_184' title='bbox 764 3003 817 3060; x_wconf 87' lang='lat' dir='ltr'><strong>VV.</strong></span> <span class='ocrx_word' id='word_1_185' title='bbox 838 3003 887 3060; x_wconf 86' lang='lat' dir='ltr'><strong>PP.</strong></span> <span class='ocrx_word' id='word_1_186' title='bbox 906 3003 996 3059; x_wconf 85' lang='lat' dir='ltr'><strong>Rosvv.</strong></span> <span class='ocrx_word' id='word_1_187' title='bbox 1016 3018 1040 3069; x_wconf 89' lang='lat' dir='ltr'><strong>p.</strong></span> <span class='ocrx_word' id='word_1_188' title='bbox 1061 3002 1109 3066; x_wconf 89' lang='lat'><strong>81,</strong></span> <span class='ocrx_word' id='word_1_189' title='bbox 1133 3007 1144 3056; x_wconf 91' lang='lat' dir='ltr'><strong>l</strong></span> <span class='ocrx_word' id='word_1_190' title='bbox 1168 3018 1226 3070; x_wconf 89' lang='lat' dir='ltr'><strong>sqq.</strong></span> 
     </span>
     <span class='ocr_line' id='line_1_24' title="bbox 267 3089 1337 3158; baseline -0.004 -14"><span class='ocrx_word' id='word_1_191' title='bbox 267 3093 296 3154; x_wconf 80' lang='lat'><strong>2)</strong></span> <span class='ocrx_word' id='word_1_192' title='bbox 316 3094 393 3158; x_wconf 88' lang='lat' dir='ltr'><strong>Ipsos</strong></span> <span class='ocrx_word' id='word_1_193' title='bbox 413 3089 528 3144; x_wconf 86' lang='lat' dir='ltr'><strong>latrones</strong></span> <span class='ocrx_word' id='word_1_194' title='bbox 549 3094 582 3144; x_wconf 92' lang='lat' dir='ltr'><strong>ab</strong></span> <span class='ocrx_word' id='word_1_195' title='bbox 603 3095 636 3144; x_wconf 90' lang='lat' dir='ltr'><strong>iis</strong></span> <span class='ocrx_word' id='word_1_196' title='bbox 657 3108 799 3144; x_wconf 88' lang='lat' dir='ltr'><strong>conversos</strong></span> <span class='ocrx_word' id='word_1_197' title='bbox 820 3101 846 3144; x_wconf 90' lang='lat' dir='ltr'><strong>et</strong></span> <span class='ocrx_word' id='word_1_198' title='bbox 864 3092 1003 3144; x_wconf 87' lang='lat' dir='ltr'><strong>monachos</strong></span> <span class='ocrx_word' id='word_1_199' title='bbox 1031 3091 1113 3142; x_wconf 87' lang='lat' dir='ltr'><strong>factos</strong></span> <span class='ocrx_word' id='word_1_200' title='bbox 1140 3105 1199 3142; x_wconf 86' lang='lat' dir='ltr'><strong>esse</strong></span> <span class='ocrx_word' id='word_1_201' title='bbox 1219 3089 1337 3156; x_wconf 74' lang='lat' dir='ltr'><strong>legimus.</strong></span> 
     </span>
     <span class='ocr_line' id='line_1_25' title="bbox 316 3175 1336 3248; baseline -0.007 -16"><span class='ocrx_word' id='word_1_202' title='bbox 316 3183 378 3232; x_wconf 89' lang='lat' dir='ltr'><strong>VV.</strong></span> <span class='ocrx_word' id='word_1_203' title='bbox 394 3179 443 3236; x_wconf 84' lang='lat' dir='ltr'><strong>PP.</strong></span> <span class='ocrx_word' id='word_1_204' title='bbox 457 3179 596 3236; x_wconf 79' lang='lat' dir='ltr'><strong>edllosw.</strong></span> <span class='ocrx_word' id='word_1_205' title='bbox 610 3181 753 3248; x_wconf 79' lang='lat' dir='ltr'><strong>libllcap.</strong></span> <span class='ocrx_word' id='word_1_206' title='bbox 767 3182 819 3235; x_wconf 83' lang='lat'><strong>166</strong></span> <span class='ocrx_word' id='word_1_207' title='bbox 829 3197 854 3248; x_wconf 88' lang='lat' dir='ltr'><strong>p.</strong></span> <span class='ocrx_word' id='word_1_208' title='bbox 864 3181 929 3245; x_wconf 76' lang='lat'><strong>912,</strong></span> <span class='ocrx_word' id='word_1_209' title='bbox 944 3184 967 3233; x_wconf 85' lang='lat' dir='ltr'><strong>l.</strong></span> <span class='ocrx_word' id='word_1_210' title='bbox 983 3179 1049 3236; x_wconf 91' lang='lat' dir='ltr'><strong>lbid.</strong></span> <span class='ocrx_word' id='word_1_211' title='bbox 1059 3181 1164 3246; x_wconf 84' lang='lat' dir='ltr'><strong>p.77,r.</strong></span> <span class='ocrx_word' id='word_1_212' title='bbox 1186 3175 1336 3228; x_wconf 81' lang='lat' dir='ltr'><strong>ilisthaus.</strong></span> 
     </span>
    </p>
   </div>
   <div class='ocr_carea' id='block_1_6' title="bbox 264 3265 1339 4404">
    <p class='ocr_par' dir='ltr' id='par_1_6' title="bbox 313 3265 1339 4135">
     <span class='ocr_line' id='line_1_26' title="bbox 315 3265 1339 3336; baseline -0.006 -17"><span class='ocrx_word' id='word_1_213' title='bbox 315 3267 461 3320; x_wconf 67' lang='lat' dir='ltr'><strong>aduenis.</strong></span> <span class='ocrx_word' id='word_1_214' title='bbox 474 3285 531 3336; x_wconf 89' lang='lat' dir='ltr'><strong>cap.</strong></span> <span class='ocrx_word' id='word_1_215' title='bbox 548 3269 584 3322; x_wconf 86' lang='lat'><strong>99</strong></span> <span class='ocrx_word' id='word_1_216' title='bbox 597 3279 623 3321; x_wconf 89' lang='lat' dir='ltr'><strong>et</strong></span> <span class='ocrx_word' id='word_1_217' title='bbox 641 3269 712 3326; x_wconf 90' lang='lat' dir='ltr'><strong>alibi.</strong></span> <span class='ocrx_word' id='word_1_218' title='bbox 732 3271 755 3323; x_wconf 83' lang='grc' dir='ltr'>Α</span> <span class='ocrx_word' id='word_1_219' title='bbox 775 3274 843 3322; x_wconf 88' lang='lat' dir='ltr'><strong>veris</strong></span> <span class='ocrx_word' id='word_1_220' title='bbox 864 3269 1006 3333; x_wconf 86' lang='lat' dir='ltr'><strong>monachis,</strong></span> <span class='ocrx_word' id='word_1_221' title='bbox 1027 3267 1172 3322; x_wconf 87' lang='lat' dir='ltr'><strong>coenobitis</strong></span> <span class='ocrx_word' id='word_1_222' title='bbox 1193 3265 1292 3318; x_wconf 88' lang='lat' dir='ltr'><strong>scilicet</strong></span> <span class='ocrx_word' id='word_1_223' title='bbox 1312 3269 1339 3314; x_wconf 84' lang='lat' dir='ltr'><strong>et</strong></span> 
     </span>
     <span class='ocr_line' id='line_1_27' title="bbox 315 3355 1338 3427; baseline -0.004 -18"><span class='ocrx_word' id='word_1_224' title='bbox 315 3355 489 3422; x_wconf 86' lang='lat' dir='ltr'><strong>anachoretis,</strong></span> <span class='ocrx_word' id='word_1_225' title='bbox 510 3358 649 3427; x_wconf 87' lang='lat' dir='ltr'><strong>dequibus</strong></span> <span class='ocrx_word' id='word_1_226' title='bbox 666 3358 730 3410; x_wconf 89' lang='lat' dir='ltr'><strong>solis</strong></span> <span class='ocrx_word' id='word_1_227' title='bbox 747 3359 894 3427; x_wconf 84' lang='lat' dir='ltr'><strong>hicagitur,</strong></span> <span class='ocrx_word' id='word_1_228' title='bbox 916 3357 1091 3426; x_wconf 81' lang='lat' dir='ltr'><strong>distinguendi</strong></span> <span class='ocrx_word' id='word_1_229' title='bbox 1111 3365 1172 3409; x_wconf 88' lang='lat' dir='ltr'><strong>suut</strong></span> <span class='ocrx_word' id='word_1_230' title='bbox 1190 3357 1233 3408; x_wconf 91' lang='lat' dir='ltr'><strong>isti</strong></span> <span class='ocrx_word' id='word_1_231' title='bbox 1256 3370 1338 3421; x_wconf 88' lang='lat' dir='ltr'><strong>pseu-</strong></span> 
     </span>
     <span class='ocr_line' id='line_1_28' title="bbox 315 3443 1339 3516; baseline -0.004 -19"><span class='ocrx_word' id='word_1_232' title='bbox 315 3445 484 3510; x_wconf 84' lang='lat' dir='ltr'><strong>domonachi,</strong></span> <span class='ocrx_word' id='word_1_233' title='bbox 516 3463 582 3516; x_wconf 91' lang='lat' dir='ltr'><strong>quos</strong></span> <span class='ocrx_word' id='word_1_234' title='bbox 604 3449 775 3515; x_wconf 79' lang='lat' dir='ltr'><strong>llicrouyruus</strong></span> <span class='ocrx_word' id='word_1_235' title='bbox 802 3447 982 3511; x_wconf 80' lang='lat' dir='ltr'><strong>lteroobooth,</strong></span> <span class='ocrx_word' id='word_1_236' title='bbox 1014 3445 1152 3500; x_wconf 85' lang='lat' dir='ltr'><strong>Cassianus</strong></span> <span class='ocrx_word' id='word_1_237' title='bbox 1180 3443 1339 3506; x_wconf 82' lang='lat' dir='ltr'><strong>sarabaitas,</strong></span> 
     </span>
     <span class='ocr_line' id='line_1_29' title="bbox 315 3532 1337 3604; baseline -0.005 -19"><span class='ocrx_word' id='word_1_238' title='bbox 315 3533 360 3586; x_wconf 89' lang='lat' dir='ltr'><strong>alii</strong></span> <span class='ocrx_word' id='word_1_239' title='bbox 379 3536 483 3588; x_wconf 85' lang='grc' dir='ltr'><strong><em>Βόσκοι</em></strong></span> <span class='ocrx_word' id='word_1_240' title='bbox 505 3553 552 3588; x_wconf 89' lang='lat' dir='ltr'><strong>scu</strong></span> <span class='ocrx_word' id='word_1_241' title='bbox 573 3537 739 3604; x_wconf 86' lang='lat' dir='ltr'><strong>pabulatores</strong></span> <span class='ocrx_word' id='word_1_242' title='bbox 760 3545 892 3589; x_wconf 89' lang='lat' dir='ltr'><strong>vocarunt.</strong></span> <span class='ocrx_word' id='word_1_243' title='bbox 934 3537 1121 3603; x_wconf 84' lang='lat' dir='ltr'><strong>Hieronymus:</strong></span> <span class='ocrx_word' id='word_1_244' title='bbox 1154 3534 1215 3600; x_wconf 91' lang='lat' dir='ltr'><strong>„hi,</strong></span> <span class='ocrx_word' id='word_1_245' title='bbox 1243 3532 1337 3598; x_wconf 89' lang='lat' dir='ltr'><strong>iuquit,</strong></span> 
     </span>
     <span class='ocr_line' id='line_1_30' title="bbox 315 3622 1338 3692; baseline -0.004 -18"><span class='ocrx_word' id='word_1_246' title='bbox 315 3623 368 3674; x_wconf 91' lang='lat' dir='ltr'><strong>hini</strong></span> <span class='ocrx_word' id='word_1_247' title='bbox 390 3625 432 3676; x_wconf 89' lang='lat' dir='ltr'><strong>vel</strong></span> <span class='ocrx_word' id='word_1_248' title='bbox 452 3627 527 3688; x_wconf 88' lang='lat' dir='ltr'><strong>terni,</strong></span> <span class='ocrx_word' id='word_1_249' title='bbox 548 3641 597 3676; x_wconf 88' lang='lat' dir='ltr'><strong>nec</strong></span> <span class='ocrx_word' id='word_1_250' title='bbox 616 3627 695 3678; x_wconf 91' lang='lat' dir='ltr'><strong>multo</strong></span> <span class='ocrx_word' id='word_1_251' title='bbox 717 3625 804 3692; x_wconf 89' lang='lat' dir='ltr'><strong>plures</strong></span> <span class='ocrx_word' id='word_1_252' title='bbox 826 3625 899 3678; x_wconf 90' lang='lat' dir='ltr'><strong>simul</strong></span> <span class='ocrx_word' id='word_1_253' title='bbox 926 3625 1051 3689; x_wconf 86' lang='lat' dir='ltr'><strong>habitant,</strong></span> <span class='ocrx_word' id='word_1_254' title='bbox 1080 3639 1127 3676; x_wconf 90' lang='lat' dir='ltr'><strong>suo</strong></span> <span class='ocrx_word' id='word_1_255' title='bbox 1156 3622 1282 3674; x_wconf 87' lang='lat' dir='ltr'><strong>arbitratu</strong></span> <span class='ocrx_word' id='word_1_256' title='bbox 1307 3635 1338 3671; x_wconf 89' lang='lat' dir='ltr'><strong>ac</strong></span> 
     </span>
     <span class='ocr_line' id='line_1_31' title="bbox 316 3706 1338 3782; baseline -0.006 -18"><span class='ocrx_word' id='word_1_257' title='bbox 316 3713 414 3764; x_wconf 87' lang='lat' dir='ltr'><strong>ditione</strong></span> <span class='ocrx_word' id='word_1_258' title='bbox 434 3714 563 3778; x_wconf 86' lang='lat' dir='ltr'><strong>viventes,</strong></span> <span class='ocrx_word' id='word_1_259' title='bbox 585 3757 591 3770; x_wconf 90' lang='lat'><strong>.</strong></span> <span class='ocrx_word' id='word_1_260' title='bbox 612 3753 619 3766; x_wconf 86' lang='lat'><strong>.</strong></span> <span class='ocrx_word' id='word_1_261' title='bbox 641 3757 647 3771; x_wconf 91' lang='lat'><strong>.</strong></span> <span class='ocrx_word' id='word_1_262' title='bbox 668 3723 694 3766; x_wconf 90' lang='lat' dir='ltr'><strong>et</strong></span> <span class='ocrx_word' id='word_1_263' title='bbox 714 3717 787 3782; x_wconf 90' lang='lat' dir='ltr'><strong>quasi</strong></span> <span class='ocrx_word' id='word_1_264' title='bbox 808 3730 849 3766; x_wconf 88' lang='lat' dir='ltr'><strong>ars</strong></span> <span class='ocrx_word' id='word_1_265' title='bbox 870 3715 904 3766; x_wconf 91' lang='lat' dir='ltr'><strong>sit</strong></span> <span class='ocrx_word' id='word_1_266' title='bbox 924 3722 1022 3778; x_wconf 88' lang='lat' dir='ltr'><strong>sancta,</strong></span> <span class='ocrx_word' id='word_1_267' title='bbox 1042 3729 1094 3766; x_wconf 89' lang='lat' dir='ltr'><strong>non</strong></span> <span class='ocrx_word' id='word_1_268' title='bbox 1115 3715 1182 3774; x_wconf 87' lang='lat' dir='ltr'><strong>vita,</strong></span> <span class='ocrx_word' id='word_1_269' title='bbox 1209 3706 1338 3778; x_wconf 90' lang='lat' dir='ltr'><strong>quidquid</strong></span> 
     </span>
     <span class='ocr_line' id='line_1_32' title="bbox 314 3800 1337 3870; baseline -0.002 -16"><span class='ocrx_word' id='word_1_270' title='bbox 314 3801 487 3866; x_wconf 86' lang='lat' dir='ltr'><strong>vendiderint,</strong></span> <span class='ocrx_word' id='word_1_271' title='bbox 507 3804 611 3855; x_wconf 88' lang='lat' dir='ltr'><strong>maioris</strong></span> <span class='ocrx_word' id='word_1_272' title='bbox 632 3811 672 3854; x_wconf 89' lang='lat' dir='ltr'><strong>est</strong></span> <span class='ocrx_word' id='word_1_273' title='bbox 692 3805 768 3870; x_wconf 89' lang='lat' dir='ltr'><strong>pretii</strong></span> <span class='ocrx_word' id='word_1_274' title='bbox 856 3803 931 3869; x_wconf 80' lang='lat' dir='ltr'><strong>Apud</strong></span> <span class='ocrx_word' id='word_1_275' title='bbox 953 3803 1001 3855; x_wconf 91' lang='lat' dir='ltr'><strong>hos</strong></span> <span class='ocrx_word' id='word_1_276' title='bbox 1016 3803 1136 3854; x_wconf 80' lang='lat' dir='ltr'><strong>affectata</strong></span> <span class='ocrx_word' id='word_1_277' title='bbox 1156 3807 1216 3853; x_wconf 84' lang='lat' dir='ltr'><strong>suut</strong></span> <span class='ocrx_word' id='word_1_278' title='bbox 1235 3800 1337 3862; x_wconf 84' lang='lat' dir='ltr'><strong>omniu;</strong></span> 
     </span>
     <span class='ocr_line' id='line_1_33' title="bbox 313 3889 1337 3960; baseline -0.002 -18"><span class='ocrx_word' id='word_1_279' title='bbox 313 3890 389 3943; x_wconf 87' lang='lat' dir='ltr'><strong>laxae</strong></span> <span class='ocrx_word' id='word_1_280' title='bbox 409 3893 534 3956; x_wconf 89' lang='lat' dir='ltr'><strong>manicae,</strong></span> <span class='ocrx_word' id='word_1_281' title='bbox 558 3891 658 3960; x_wconf 81' lang='lat' dir='ltr'><strong>caligae</strong></span> <span class='ocrx_word' id='word_1_282' title='bbox 678 3891 836 3955; x_wconf 84' lang='lat' dir='ltr'><strong>follicantes,</strong></span> <span class='ocrx_word' id='word_1_283' title='bbox 856 3893 937 3944; x_wconf 86' lang='lat' dir='ltr'><strong>vestis</strong></span> <span class='ocrx_word' id='word_1_284' title='bbox 958 3893 1079 3956; x_wconf 87' lang='lat' dir='ltr'><strong>crassior,</strong></span> <span class='ocrx_word' id='word_1_285' title='bbox 1100 3890 1190 3942; x_wconf 85' lang='lat' dir='ltr'><strong>crebra</strong></span> <span class='ocrx_word' id='word_1_286' title='bbox 1212 3889 1337 3956; x_wconf 82' lang='lat' dir='ltr'><strong>suspiria,</strong></span> 
     </span>
     <span class='ocr_line' id='line_1_34' title="bbox 313 3978 1337 4049; baseline -0.003 -17"><span class='ocrx_word' id='word_1_287' title='bbox 313 3981 428 4032; x_wconf 88' lang='lat' dir='ltr'><strong>visitatio</strong></span> <span class='ocrx_word' id='word_1_288' title='bbox 448 3982 584 4048; x_wconf 83' lang='lat' dir='ltr'><strong>virginum,</strong></span> <span class='ocrx_word' id='word_1_289' title='bbox 605 3981 757 4032; x_wconf 90' lang='lat' dir='ltr'><strong>detrectatio</strong></span> <span class='ocrx_word' id='word_1_290' title='bbox 778 3979 940 4045; x_wconf 87' lang='lat' dir='ltr'><strong>clericorum,</strong></span> <span class='ocrx_word' id='word_1_291' title='bbox 961 3989 988 4032; x_wconf 90' lang='lat' dir='ltr'><strong>et</strong></span> <span class='ocrx_word' id='word_1_292' title='bbox 1007 3983 1030 4032; x_wconf 90' lang='lat' dir='ltr'><strong>si</strong></span> <span class='ocrx_word' id='word_1_293' title='bbox 1050 3980 1154 4049; x_wconf 87' lang='lat' dir='ltr'><strong>quaudo</strong></span> <span class='ocrx_word' id='word_1_294' title='bbox 1175 3978 1231 4030; x_wconf 84' lang='lat' dir='ltr'><strong>dios</strong></span> <span class='ocrx_word' id='word_1_295' title='bbox 1252 3978 1337 4030; x_wconf 81' lang='lat' dir='ltr'><strong>festus</strong></span> 
     </span>
     <span class='ocr_line' id='line_1_35' title="bbox 313 4067 1337 4135; baseline -0.001 -14"><span class='ocrx_word' id='word_1_296' title='bbox 313 4070 422 4132; x_wconf 88' lang='lat' dir='ltr'><strong>venerit,</strong></span> <span class='ocrx_word' id='word_1_297' title='bbox 443 4077 589 4122; x_wconf 85' lang='lat' dir='ltr'><strong>saturantur</strong></span> <span class='ocrx_word' id='word_1_298' title='bbox 608 4071 642 4121; x_wconf 88' lang='lat' dir='ltr'><strong>ad</strong></span> <span class='ocrx_word' id='word_1_299' title='bbox 662 4071 810 4125; x_wconf 84' lang='lat' dir='ltr'><strong>vomitum.“</strong></span> <span class='ocrx_word' id='word_1_300' title='bbox 837 4069 886 4135; x_wconf 85' lang='lat' dir='ltr'><strong>Ep.</strong></span> <span class='ocrx_word' id='word_1_301' title='bbox 898 4072 944 4126; x_wconf 79' lang='lat'><strong>22.</strong></span> <span class='ocrx_word' id='word_1_302' title='bbox 984 4067 1099 4125; x_wconf 79' lang='lat' dir='ltr'><strong>Cassian.</strong></span> <span class='ocrx_word' id='word_1_303' title='bbox 1111 4067 1288 4131; x_wconf 80' lang='lat' dir='ltr'><strong>Gottxvrrr,</strong></span> <span class='ocrx_word' id='word_1_304' title='bbox 1311 4069 1337 4124; x_wconf 84' lang='lat' dir='ltr'><strong>t.</strong></span> 
     </span>
    </p>

    <p class='ocr_par' dir='ltr' id='par_1_7' title="bbox 264 4153 1337 4404">
     <span class='ocr_line' id='line_1_36' title="bbox 264 4153 1337 4226; baseline -0.006 -14"><span class='ocrx_word' id='word_1_305' title='bbox 264 4160 296 4226; x_wconf 82' lang='lat'><strong>3)</strong></span> <span class='ocrx_word' id='word_1_306' title='bbox 317 4159 382 4214; x_wconf 88' lang='lat' dir='ltr'><strong>llist.</strong></span> <span class='ocrx_word' id='word_1_307' title='bbox 393 4157 470 4215; x_wconf 88' lang='lat' dir='ltr'><strong>Laus.</strong></span> <span class='ocrx_word' id='word_1_308' title='bbox 486 4157 631 4216; x_wconf 80' lang='lat' dir='ltr'><strong>edbleurs.</strong></span> <span class='ocrx_word' id='word_1_309' title='bbox 642 4157 755 4224; x_wconf 81' lang='lat' dir='ltr'><strong>cap.36.</strong></span> <span class='ocrx_word' id='word_1_310' title='bbox 795 4157 836 4209; x_wconf 90' lang='lat' dir='ltr'><strong>Dc</strong></span> <span class='ocrx_word' id='word_1_311' title='bbox 856 4158 981 4211; x_wconf 88' lang='lat' dir='ltr'><strong>monacho</strong></span> <span class='ocrx_word' id='word_1_312' title='bbox 1001 4159 1126 4210; x_wconf 89' lang='lat' dir='ltr'><strong>hieracita</strong></span> <span class='ocrx_word' id='word_1_313' title='bbox 1144 4157 1212 4209; x_wconf 81' lang='lat' dir='ltr'><strong>inira</strong></span> <span class='ocrx_word' id='word_1_314' title='bbox 1230 4170 1287 4222; x_wconf 85' lang='lat' dir='ltr'><strong>cap.</strong></span> <span class='ocrx_word' id='word_1_315' title='bbox 1299 4153 1337 4206; x_wconf 88' lang='lat'><strong>11.</strong></span> 
     </span>
     <span class='ocr_line' id='line_1_37' title="bbox 315 4242 1337 4314; baseline -0.001 -16"><span class='ocrx_word' id='word_1_316' title='bbox 315 4247 356 4299; x_wconf 88' lang='lat' dir='ltr'><strong>Dc</strong></span> <span class='ocrx_word' id='word_1_317' title='bbox 383 4249 515 4300; x_wconf 91' lang='lat' dir='ltr'><strong>monacbis</strong></span> <span class='ocrx_word' id='word_1_318' title='bbox 536 4245 724 4314; x_wconf 77' lang='lat' dir='ltr'><strong>origenismum</strong></span> <span class='ocrx_word' id='word_1_319' title='bbox 751 4245 931 4312; x_wconf 84' lang='lat' dir='ltr'><strong>profitentibus</strong></span> <span class='ocrx_word' id='word_1_320' title='bbox 963 4247 1035 4314; x_wconf 87' lang='lat' dir='ltr'><strong>Sulp.</strong></span> <span class='ocrx_word' id='word_1_321' title='bbox 1061 4247 1152 4302; x_wconf 83' lang='lat' dir='ltr'><strong>Seuer.</strong></span> <span class='ocrx_word' id='word_1_322' title='bbox 1172 4243 1240 4302; x_wconf 81' lang='lat' dir='ltr'><strong>nial.</strong></span> <span class='ocrx_word' id='word_1_323' title='bbox 1266 4247 1288 4308; x_wconf 88' lang='lat' dir='ltr'><strong>l,</strong></span> <span class='ocrx_word' id='word_1_324' title='bbox 1309 4242 1337 4298; x_wconf 88' lang='grc'><strong>6.</strong></span> 
     </span>
     <span class='ocr_line' id='line_1_38' title="bbox 314 4331 846 4404; baseline 0.009 -18"><span class='ocrx_word' id='word_1_325' title='bbox 314 4335 381 4392; x_wconf 90' lang='lat' dir='ltr'><strong>Bibl.</strong></span> <span class='ocrx_word' id='word_1_326' title='bbox 403 4335 467 4392; x_wconf 82' lang='lat' dir='ltr'><strong>Gall.</strong></span> <span class='ocrx_word' id='word_1_327' title='bbox 488 4335 515 4392; x_wconf 88' lang='grc' dir='ltr'><strong>Τ.</strong></span> <span class='ocrx_word' id='word_1_328' title='bbox 536 4334 597 4389; x_wconf 86' lang='lat' dir='ltr'><strong>vltl</strong></span> <span class='ocrx_word' id='word_1_329' title='bbox 618 4351 642 4402; x_wconf 91' lang='lat' dir='ltr'><strong>p.</strong></span> <span class='ocrx_word' id='word_1_330' title='bbox 663 4331 729 4398; x_wconf 80' lang='lat' dir='ltr'><strong>lot,</strong></span> <span class='ocrx_word' id='word_1_331' title='bbox 752 4338 769 4388; x_wconf 74' lang='lat'>2</span> <span class='ocrx_word' id='word_1_332' title='bbox 790 4351 846 4404; x_wconf 86' lang='lat' dir='ltr'><strong>sqq.</strong></span> 
     </span>
    </p>
   </div>
   <div class='ocr_carea' id='block_1_7' title="bbox 0 0 1500 4986">
    <p class='ocr_par' dir='ltr' id='par_1_8' title="bbox 0 0 1500 4986">
     <span class='ocr_line' id='line_1_39' title="bbox 0 0 1500 4986; baseline 0 1"><span class='ocrx_word' id='word_1_333' title='bbox 0 0 1500 4986; x_wconf 95' lang='lat' dir='ltr'><strong> </strong></span> 
     </span>
    </p>
   </div>
  </div>
 </body>
</html>
