2974 4964
657 317 927 392 ...100...

237 523 390 590 monachis
412 519 564 600 affluebat,
593 519 821 606 Romaegatque
842 515 963 580 omnino
992 515 1023 578 in
1045 513 1208 578 Occidente
1229 529 1340 576 mona·
1461 579 1464 584 ,

239 639 354 702 chicam
375 635 466 698 vitam
495 633 527 696 in
555 629 659 712 primis
688 627 876 692 incunabulis
903 627 1042 692 iacuisse.
1086 628 1169 702 Quae
1201 625 1270 688 inde
1300 625 1339 688 ab

238 745 451 812 Alexandrinis
475 741 673 824 presbyteris,
695 756 771 820 papa
791 738 956 802 Athanasio
978 755 1014 800 ac
1035 745 1139 817 postea
1160 735 1249 798 Petro
1272 736 1340 799 eius

240 873 433 934 successore,
455 853 505 934 qui
529 853 642 916 Romae
663 850 820 914 exulantes
834 849 864 914 S.
876 847 1001 912 Antonii
1023 849 1112 911 vitam
1134 847 1340 928 divulgarunt,

239 971 335 1050 prima
367 968 398 1030 in
428 963 593 1028 Occidente
625 961 708 1024 initia
747 959 837 1040 cepit.
897 959 972 1022 Nam
1001 959 1114 1022 Romae
1143 974 1232 1020 nemo
1261 974 1341 1036 pro-

240 1088 309 1160 pter
336 1078 383 1140 rei
404 1077 568 1140 novitatem
590 1073 822 1156 ignominiosum
851 1071 901 1134 vel
923 1079 1010 1151 turpe
1038 1087 1147 1132 nomen
1179 1068 1342 1130 adsumere

240 1206 278 1252 eo
301 1205 399 1270 usque
420 1203 512 1250 ausus
542 1194 607 1248 erat
621 1182 662 1268 ¹).
707 1182 788 1246 llaec
810 1199 901 1262 quum
929 1182 971 1270 ita
1000 1198 1034 1246 se
1055 1179 1195 1250 babeant,
1218 1177 1340 1240 ubinam

239 1299 388 1364 Macarius
429 1297 602 1360 uberiorem
638 1295 774 1358 homines
806 1292 929 1357 sanandi
963 1300 993 1354 et
1025 1291 1089 1353 Deo
1125 1288 1341 1353 reconciliandi

240 1429 368 1474 messem
387 1408 526 1471 invenire
548 1406 654 1486 potuit,
672 1420 763 1486 poam
785 1405 907 1481 Romae,
928 1402 1008 1466 unde
1029 1400 1164 1478 Rufinus,
1185 1399 1341 1480 Hierony-

239 1540 317 1601 mus,
338 1520 477 1598 Melania,
498 1517 649 1596 Marcella,
672 1517 772 1596 Paula,
796 1515 855 1595 alii,
878 1523 911 1578 ut
933 1531 1039 1578 senum
1053 1513 1145 1574 vitam
1167 1527 1342 1593 Cognosce.-

240 1641 309 1696 rent
331 1639 362 1694 et
383 1630 582 1707 imitarentur,
605 1627 820 1710 inAegyptum
834 1625 1040 1690 ventitabant?
1064 1619 1165 1688 Verba
1185 1621 1342 1684 οἰκονο-

102 1729 111 1746 ·
134 1733 141 1738 ·
239 1740 337 1820 μίας
365 1736 478 1822 gratio
498 1756 559 1801 non
581 1737 618 1800 ad
640 1738 890 1819 dispensationem
911 1754 1015 1800 rerum
1045 1735 1247 1815 terrestrium,
1279 1727 1341 1814 ⁴i¹¹⁰

241 1868 334 1916 sensu
354 1867 416 1914 vox
437 1850 487 1912 illa
509 1857 556 1914 est
577 1850 608 1911 in
625 1849 746 1915 Palladii
767 1853 863 1930 capite
885 1849 922 1912 de
943 1847 1117 1928 Serapione,
1139 1864 1212 1910 sene
1233 1847 1341 1926 regio-

241 1963 288 2026 nis
297 1955 521 2043 arsenarum),
544 1960 598 2026 sed
613 1960 649 2024 ad
660 1961 911 2041 dispensationem
928 1962 1084 2038 virtutum,
1106 1977 1179 2039 quas
1192 1958 1340 2020 aCbristo

240 2074 390 2138 Macarius
424 2080 593 2154 acceparat,
621 2072 788 2136 retulerim.
833 2072 917 2136 Sicut
951 2089 1046 2162 vero·
1061 2070 1210 2134 Macarius
1249 2087 1342 2134 arena

240 2185 374 2248 humeris
396 2185 533 2264 imposita
555 2185 752 2266 cogitationes
774 2185 964 2248 xenodoxiae
991 2182 1188 2266 impugnavit,
1219 2182 1260 2246 ita
1280 2180 1342 2242 Pa-

241 2295 388 2358 laemonis
409 2295 531 2364 hortatu
545 2295 722 2358 Pachomius
739 2313 860 2358 arenam
876 2295 1023 2375 portando
1044 2295 1184 2376 abegisse
1205 2309 1344 2355 somnum

241 2403 407 2490 legitur⁸).
453 2405 526 2479 Quis
547 2404 598 2467 ille
619 2405 804 2470 Theosebius
826 2414 979 2492 cosmetor
1001 2404 1102 2485 tuerit,
1123 2405 1260 2466 invenire
1281 2421 1344 2466 non

241 2517 334 2598 potui.
379 2515 435 2578 Cui
454 2515 627 2595 Macarium,
660 2515 731 2596 quid
764 2525 908 2597 portaret,
943 2517 1143 2600 interroganti
1162 2533 1342 2598 responsum

242 2627 343 2693 datum
364 2636 429 2694 est:
455 2627 560 2707 ,Vexo
583 2645 662 2706 cum,
686 2627 737 2707 qui
759 2646 807 2690 me
829 2630 947 2690 vexat.“
980 2627 1140 2692 consimile
1162 2645 1342 2708 responsum

241 2739 389 2803 PaMadius
411 2740 447 2802 ab
459 2739 587 2819 Isidoro,
609 2757 698 2820 quem
720 2739 974 2820 interrogaverat,
997 2757 1052 2802 cur
1070 2747 1166 2802 aetate
1183 2737 1342 2804 admodum

241 2858 405 2930 provectus
416 2851 628 2930 corpusculum
640 2857 824 2930 contereret,
846 2849 904 2912 hoo
918 2850 1047 2930 accepit:
1073 2843 1128 2928 ,ld
1150 2867 1197 2911 me
1219 2847 1342 2929 occidit,

242 2977 302 3042 ego
324 2959 422 3040 ipsum
443 2960 577 3022 occidam
587 2957 654 3042 Ὗ.

326 3067 365 3130 Et
384 3065 459 3129 haec
476 3068 595 3147 quidem
613 3077 700 3132 erant
722 3070 887 3133 adnotanda
908 3071 946 3134 ad
968 3089 1013 3150 aa,
1036 3089 1113 3151 quae
1135 3071 1166 3132 in
1187 3069 1342 3134 codicibus

241 3175 524 3240 vindobonensibus
549 3177 613 3258 ,De
627 3180 758 3244 Macaria
773 3181 998 3244 Alexandrino“
1022 3181 1166 3260 inscripta
1187 3180 1343 3262 leguntur.
1409 3171 1412 3184 ⁸

241 3265 291 3357 'tto
313 3275 425 3368 cetera,
446 3306 523 3368 quae
537 3277 679 3352 subsalsa
702 3289 816 3352 indice:
843 3291 905 3369 ,De
918 3291 1040 3354 Marco“
1064 3309 1104 3354 ex
1125 3290 1232 3353 iisdem
1253 3289 1343 3352 codi-

242 3400 327 3462 cibus
348 3398 526 3478 protulimns
559 3406 589 3462 et
616 3398 654 3461 ad
676 3399 804 3463 eundem
825 3399 987 3463 Macarium
1008 3401 1245 3466 Alexandrinum
1265 3380 1344 3480 ¹spe-

242 3518 326 3574 ctare
348 3508 543 3587 ostendimus,
564 3507 639 3570 haec
662 3510 924 3574 animadvertenda
946 3519 1025 3574 sunt.

328 3613 460 3684 Primum
492 3618 619 3694 similem
647 3620 774 3702 gratiam
806 3622 1007 3703 perspiciendi
1041 3621 1174 3686 cuiusvis
1205 3621 1345 3686 monachi

242 3730 281 3794 ad
312 3739 498 3796 sacramenta
519 3729 690 3794 accedentis
719 3740 848 3795 mentem
877 3730 1024 3816 Eulogius
1051 3734 1211 3816 presbyter
1233 3750 1345 3815 posse-

270 4017 299 4081 1)
320 4017 425 4074 llieron.
446 4032 488 4084 ap.
513 4017 576 4073 127.
915 4047 916 4052 =

256 4107 297 4175 ’7)
318 4110 383 4166 ilict.
403 4111 480 4166 Laus.
501 4108 543 4162 ad.
556 4111 660 4162 Mauro.
681 4125 738 4176 cap.
760 4113 794 4166 77
818 4109 883 4178 Opp.
906 4112 1002 4168 Maura.
1021 4127 1048 4179 p.
1069 4111 1135 4168 53⁷.

269 4201 301 4280 3)Ι
319 4202 376 4253 Vita
397 4203 423 4260 S.
444 4203 574 4256 Pachomii
595 4218 652 4271 cap.
677 4205 691 4256 1
712 4205 739 4254 in
758 4204 814 4260 ΔΑ.
835 4205 880 4262 SS.
900 4204 967 4261 Boll.
988 4203 1016 4262 Τ,
1037 4208 1076 4258 111
1097 4207 1156 4261 Mai.
1177 4219 1203 4272 p.
1223 4204 1290 4260 29⁷.

270 4285 299 4354 4)
319 4293 384 4350 Mitt.
405 4295 480 4353 Laui.
495 4296 544 4351 ed.
565 4298 660 4354 Maure.
680 4312 736 4365 cap.
758 4301 775 4352 2
796 4295 863 4368 0pp.
884 4300 977 4356 Monta.
997 4299 1016 4356 l.
1035 4299 1053 4356 l.
1075 4314 1100 4367 p.
1121 4295 1206 4355 349.Ἰ
