2974 4964
667 323 913 402 ..oa-

243 531 377 598 namna
399 528 530 594 manum
552 533 749 592 transeamus.
793 527 881 602 Quod
902 533 1067 610 permagno
1088 535 1214 588 numero
1237 538 1346 588 muna-

246 645 375 708 enorum
408 638 563 703 ulamma
583 645 756 701 constanter
794 637 925 702 traditur
936 635 979 721 ¹).
1029 637 1191 700 llacarium
1226 635 1349 716 quidam

245 763 334 818 ueste
366 749 498 832 operarii
529 747 665 810 indutum
695 747 872 812 Pachumins
904 755 1021 828 septem
1051 747 1157 810 diebus
1189 746 1349 812 admittere

245 864 351 928 noluit.
403 860 461 922 Ubi
489 857 717 932 animadvertas,
749 858 855 940 regula
884 857 1043 936 Pachumii,
1077 867 1110 922 ut
1141 857 1266 922 saectuo
1292 877 1348 920 re«

246 973 444 1038 nunciaturus
478 987 591 1050 paucam
624 969 689 1032 dics
722 977 793 1032 ants
819 970 936 1032 ianuam
971 970 1147 1034 monasterii
1176 979 1350 1034 remaneret

248 1085 432 1166 dignumque
460 1099 496 1145 sa
529 1080 713 1157 ostenderet,
743 1082 960 1162 praescriptum
986 1082 1080 1146 luisse
1093 1079 1135 1164 ²).
1180 1077 1350 1160 iisdemque

246 1192 312 1258 iere
334 1193 447 1272 verbis,
479 1193 589 1273 quihus
610 1192 774 1256 Macarium
797 1194 982 1273 Pachumius‚
1010 1193 1167 1275 aliquando
1189 1191 1349 1255 Palaemon

246 1305 436 1368 Pachomium
451 1301 502 1386 ³),
550 1303 702 1367 Antonius
746 1305 868 1368 Paulum
911 1305 1076 1386 simplicem
1085 1303 1121 1387 ⁴)
1162 1303 1347 1384 repulerant.

246 1416 423 1480 Pachomius
443 1415 475 1476 in
496 1413 546 1476 illa
568 1414 743 1476 narratione
764 1413 900 1494 spiritum
922 1416 1098 1496 prophetiae
1127 1411 1269 1476 habuisse
1297 1411 1348 1474 di-

247 1525 338 1604 uitur,
373 1525 455 1606 quoti
486 1531 518 1588 et
548 1525 580 1585 in
611 1525 673 1588 vita
709 1525 776 1586 cias
809 1523 1027 1604 quodammodo
1065 1520 1246 1606 haditmss.
1300 1521 1348 1586 Au

247 1635 387 1699 monachi
408 1636 584 1698 monasterii
609 1634 689 1698 illius
721 1651 822 1698 ramos
850 1635 1012 1715 palmarum
1034 1639 1173 1713 tractant,
1204 1633 1286 1714 quod
1316 1615 1350 1696 in
1469 1702 1470 1726 χ

248 1746 438 1812 monasteriis
460 1745 584 1808 Antonii
607 1745 795 1828 aliorumque
816 1762 922 1810 senum
943 1746 1009 1810 heri
1036 1741 1206 1828 sulahat⁵].
1248 1743 1350 1824 Atque
1469 1781 1470 1798 r

248 1858 279 1921 iu
301 1857 464 1936 lammah,
486 1875 563 1937 qnae
585 1866 633 1920 cst
654 1855 727 1920 urbs
749 1873 845 1939 propa
866 1853 991 1922 lintrium
1014 1847 1081 1935 sita,
1102 1875 1141 1919 cx
1169 1857 1271 1935 iunco,
1298 1852 1351 1934 qui

247 1970 279 2032 in
313 1968 378 2032 aius
400 1966 560 2048 paludibus
581 1967 783 2033 creberrimus
806 1978 861 2047 est,
890 1977 1006 2050 topatus
1028 1967 1231 2032 venustissimi
1253 1967 1352 2030 adhuc
1469 1949 1470 1954 ἵ

251 2085 395 2144 texuntur
412 2093 421 2124 a
447 2119 455 2138 .

339 2071 529 2268 Prupgsitnm
550 2187 673 2252 Maeonii
705 2190 837 2270 quinque
858 2188 965 2253 diebus
991 2204 1059 2252 cum
1092 2188 1158 2252 solu
1174 2187 1244 2250 uso
1273 2205 1352 2250 con-a

245 2298 388 2362 versandi
401 2307 553 2380 tuumque
563 2309 695 2363 mentem
705 2302 737 2364 ia
749 2317 787 2363 eo
807 2300 873 2364 solu
888 2301 1039 2382 deligendi
1060 2302 1149 2365 tertio
1161 2300 1210 2362 dia
1224 2299 1352 2362 daemon

248 2409 280 2470 in
302 2407 448 2470 flammam
477 2410 557 2491 ignia
584 2423 752 2475 conversus
783 2412 902 2476 irritum
931 2411 1010 2477 iacit.
1061 2413 1118 2488 Qui
1147 2420 1288 2490 stoream,
1319 2411 1351 2472 iu
1471 2474 1472 2498 χ

250 2533 310 2597 qua
332 2519 555 2598 annunciabat,
577 2520 754 2600 combussit,
773 2536 903 2602 eumque
923 2523 1022 2603 ipsum
1035 2523 1165 2586 adorere
1185 2522 1268 2585 visus
1291 2527 1348 2587 est.
1471 2513 1472 2518 ’

248 2627 332 2690 Unde
360 2629 441 2694 hunc
469 2630 571 2713 ignom
591 2649 653 2695 non
688 2633 860 2714 phantasma
880 2633 1036 2698 daemonis
1069 2630 1172 2713 laissa,
1205 2631 1348 2696 sudrim

249 2740 446 2804 comburendi
467 2741 609 2805 hahuisse
632 2741 808 2811 credideris.
851 2743 1019 2808 Daemones
1046 2755 1132 2824 voro,
1165 2743 1216 2824 qui
1247 2741 1349 2804 aulas

249 2851 370 2912 omnino
402 2851 529 2916 induunt
563 2851 729 2936 furmaa⁸)‚
758 2854 838 2935 ignis
870 2855 972 2934 specie
996 2847 1169 2936 apparuisse
1191 2862 1279 2935 atque
1300 2854 1351 2916 in*

251 2959 390 3022 caudium
410 2961 571 3039 excitasse,
592 2961 662 3024 alihi
681 2961 762 3025 haud
783 2961 871 3028 iaclle
892 2964 987 3047 leges.

277 3161 304 3219 1)
325 3157 392 3214 utra.
413 3159 491 3213 Laus.
512 3157 555 3210 ed.
578 3160 672 3218 Maura.
693 3177 750 3229 cap.
771 3163 809 3216 39
830 3166 856 3216 in
877 3165 936 3226 fine.
958 3163 1025 3233 Opp.
1046 3165 1141 3221 Maura.
1160 3163 1178 3221 l.
1198 3163 1215 3215 Ι.
1236 3179 1262 3230 p.
1283 3158 1350 3218 456.

325 3247 384 3297 Vita
412 3245 437 3302 S.
466 3245 596 3302 Pachumii
624 3265 680 3318 cap.
704 3251 720 3304 5
748 3253 775 3303 in
805 3253 860 3306 ΑΔ.
884 3255 930 3308 SS.
952 3255 1019 3306 Bull.
1042 3254 1070 3306 T.
1094 3257 1133 3308 ΙΙΙ
1153 3253 1212 3309 Mai.
1232 3268 1258 3319 p.
1278 3253 1348 3306 310.

325 3333 410 3386 Praei.
433 3334 458 3386 S.
481 3332 586 3388 llierun.
618 3337 645 3389 in
672 3337 785 3408 regulam
817 3341 843 3397 S.
865 3339 997 3394 Pachumii
1019 3339 1137 3398 llulsteu'.
1159 3339 1223 3398 cod.
1254 3337 1351 3410 negat.

325 3423 352 3475 Τ.
407 3438 432 3489 p.
456 3424 500 3476 25.
1342 3441 1345 3448 ’

275 3513 306 3579 2)
326 3421 418 3578 Reglul.
441 3511 467 3564 S.
490 3512 622 3564 Pachumii
643 3529 700 3582 cap.
722 3512 759 3568 49
780 3515 899 3567 Hulsten.
923 3517 988 3574 cod.
1009 3517 1103 3586 Regul.
1123 3515 1151 3574 T.
1172 3516 1183 3570 1
1203 3532 1229 3584 p,
1250 3515 1297 3572 28.

276 3602 307 3666 3)
329 3599 432 3652 Vitas.
455 3599 585 3653 Pachumii
607 3588 662 3669 capss
688 3606 697 3658 l
723 3603 740 3655 l.
763 3603 827 3671 l.·p.
851 3605 916 3667 297,
941 3609 965 3662 1.

277 3689 308 3758 4)
330 3690 395 3741 Hist.
413 3689 490 3741 Laus.
513 3690 554 3746 eal.
576 3689 671 3743 Maura.
684 3680 749 3757 'cap
772 3691 809 3745 29
830 3689 896 3760 Opp.
917 3693 1012 3752 Menas.
1032 3693 1049 3746 l.
1072 3691 1090 3751 l.
1112 3708 1136 3760 p.
1157 3685 1235 3749 429(

277 3783 308 3847 5)
329 3777 491 3831 Pachumiunn
513 3795 554 3830 res
576 3779 691 3831 occultas
712 3783 869 3848 cognovisse
889 3791 967 3852 atque
987 3779 1108 3854 ahsentes
1128 3783 1226 3835 vidisse
1245 3776 1272 3832 in
1293 3781 1353 3832 eina

244 3875 252 3882 ·
325 3869 380 3918 vm
399 3882 473 3933 capp.
492 3864 511 3920 t
531 3868 595 3924 aas
616 3867 646 3934 u.
668 3868 685 3924 1.
706 3884 730 3934 p.
753 3870 820 3934 aus,
844 3873 868 3927 1.
899 3870 965 3935 atu,
987 3871 1016 3938 a)
1037 3870 1145 3940 raptas
1283 3859 1286 3862 ’

274 3958 303 4022 6)
326 3957 391 4011 llist.
412 3955 488 4008 Laus.
510 3957 552 4009 ed.
574 3953 668 4013 meurs.
690 3973 746 4023 cap.
767 3955 812 4012 40.
836 3957 880 4013 29.
905 3961 974 4013 Pac
993 3962 1098 4028 passim.
1123 3945 1145 3957 Μ

276 4043 304 4111 7)
325 4044 443 4095 Minutuli
463 4044 480 4101 l.
500 4045 518 4101 l.
538 4061 565 4111 p.
589 4041 650 4102 189.
671 4045 738 4100 202.-
800 4063 803 4070 ⁴
987 4087 989 4092 .

274 4129 304 4197 8)
325 4129 417 4195 Specie
436 4131 498 4199 galli
519 4132 656 4198 gallinacei
676 4133 792 4186 adhibita
820 4132 940 4184 diabulus
965 4113 1128 4184 Pachuminut
1149 4133 1249 4181 tentare
1268 4143 1354 4180 cona-

325 4224 367 4266 tus
378 4225 426 4274 est.
446 4220 506 4270 Vita
516 4219 751 4288 §.Pachumiicap
762 4223 789 4279 2.
810 4219 840 4273 ln
854 4221 935 4273 torma
956 4215 1062 4286 vaporis
1074 4217 1206 4270 diabolum
1225 4228 1355 4284 apparere

327 4303 404 4356 arana
423 4305 511 4358 aetrno
532 4307 646 4376 utaque.
666 4300 822 4376 mpc.·ttn.
842 4305 868 4364 ιι
889 4309 920 4374 Q.
944 4299 1030 4364 aas.
1054 4302 1071 4364 l
1097 4319 1123 4374 p.
1145 4305 1213 4364 soa.
1233 4303 1274 4362 au.
1296 4307 1314 4362 t.
