2952 4972
645 442 689 462 --
750 397 931 476 236—-

250 615 331 674 atior
350 615 401 664 καὶ
422 610 548 674 osolrdc,
569 607 667 680 quibus
687 612 798 663 Possiul
819 613 904 676 caput
922 610 1048 677 explicit,
1068 611 1095 664 in
1114 611 1211 663 codice
1231 612 1331 664 desint.

246 716 407 778 Sequuntur
425 712 526 776 capita
546 713 620 778 xxi,
640 724 710 776 quae
728 709 921 788 inscribuntur
939 712 1012 774 apud
1022 711 1166 762 Possinum
1184 711 1217 762 de
1236 715 1332 764 cisoa-

245 811 319 862 iioas
340 809 456 872 mertis,
475 825 490 859 e
509 809 608 874 qulbus
628 810 788 872 capntxlll
807 811 833 860 lu
845 809 943 860 codice
962 810 989 858 iu
1009 810 1063 859 duo
1082 809 1177 872 capita
1194 809 1333 862 distribu-

246 913 305 959 tum
316 913 369 974 est,
389 908 598 958 itautalterum
620 907 732 956 serbis:
749 900 942 966 sdru’drisour
954 901 1050 976 ou’ydr
1064 909 1166 974 κυρίου
1185 903 1234 958 dui
1255 925 1331 960 uor-

244 1007 296 1065 τός
313 1000 524 1058 coronariorum
542 1005 669 1071 liniatur,
687 1005 806 1056 alierum
825 1005 957 1068 incipiat:
984 1007 1071 1058 Tauri
1090 1005 1121 1058 td
1143 1008 1252 1076 μέτρον
1272 1023 1328 1059 aar.

243 1103 265 1157 i.
292 1106 376 1156 nisce
402 1105 542 1168 capitibus
562 1103 681 1167 expletis
700 1105 729 1154 in
748 1103 841 1154 eadem
860 1101 937 1154 linea
955 1104 1006 1154 sub
1026 1104 1231 1173 ludica:11epi
1250 1100 1330 1174 o'yri·

241 1215 297 1264 rupe
321 1201 394 1266 legis
412 1201 524 1252 Possini
542 1200 644 1265 capita
668 1202 757 1251 ml
782 1201 817 1250 dc
845 1201 998 1270 claritate,
1016 1215 1086 1266 quas
1117 1204 1146 1254 ln
1171 1204 1268 1255 codice
1288 1205 1331 1256 ita

242 1303 349 1350 tantum
377 1300 520 1366 differunt,
545 1303 575 1350 ut
596 1299 692 1362 oaplta
712 1301 788 1350 xxll
808 1301 835 1348 et
852 1301 942 1350 Xxlll
961 1282 997 1349 et‘
1012 1313 1110 1351 rursus
1136 1303 1231 1366 capita
1249 1305 1328 1354 xxv

243 1402 271 1450 et
290 1400 384 1450 XXVl
401 1400 431 1450 in
450 1412 532 1450 unum
551 1400 764 1450 contrabantur.
806 1399 908 1448 lliultis
931 1399 1046 1464 denique
1064 1401 1098 1450 dc
1116 1400 1256 1452 charitate
1275 1415 1327 1453 ca·

201 1481 209 1508 ’
239 1496 343 1560 pitibus
370 1497 399 1547 ln
422 1499 517 1550 cadem
539 1497 617 1548 linea
642 1497 781 1560 incipiunt
800 1497 911 1546 Possini
930 1497 1032 1560 capita
1049 1497 1165 1548 11le
1184 1497 1218 1547 ds
1238 1497 1325 1548 liber-

240 1594 299 1644 tate
317 1593 431 1661 mentm,
450 1585 607 1658 capitevll
626 1594 656 1644 in
674 1593 772 1646 codice
791 1593 819 1643 ln
839 1595 893 1644 duo
913 1595 1009 1657 capita
1023 1593 1190 1660 distributo,
1209 1609 1321 1660 quorum

157 1751 163 1764 ·
242 1691 362 1742 alterum
373 1692 469 1742 linitur
480 1705 567 1743 vocs:
587 1686 878 1760 u’rroieior,alterum
889 1691 1004 1756 incipit:
1024 1669 1198 1763 Aoyropoi}
1216 1705 1317 1764 φησικ.

239 1807 261 1842 r.
271 1790 300 1842 i.
316 1789 461 1854 Capitibus
481 1791 568 1856 igitur
578 1791 612 1842 cie
624 1791 757 1844 libertate
769 1791 872 1842 mentis
891 1790 1028 1841 absolutis
1045 1791 1098 1842 boo
1111 1791 1217 1842 codicis
1236 1804 1316 1854 opus-

240 1888 333 1963 culum
354 1889 529 1942 terminatur.

307 1987 404 2050 ltaque
430 1987 635 2048 opusculorum
663 1989 714 2038 sub
743 1989 852 2039 nomine
874 1987 994 2039 biaoarii
1023 1985 1158 2051 Aegyptii
1179 1987 1315 2036 editorum

235 2084 304 2144 sola
321 2085 356 2134 de
374 2083 503 2134 custodia
521 2085 616 2136 cordis
634 2087 730 2148 capita
750 2087 777 2134 iu
796 2085 895 2136 codice
915 2083 1117 2134 desiderantur.
1155 2081 1320 2148 Quanquam

235 2195 269 2232 ea
288 2195 345 2232 non
372 2182 464 2232 miuus
490 2197 522 2232 ex
550 2182 673 2250 homiliis
698 2182 852 2246 compilata
870 2197 931 2232 esse
950 2182 1024 2248 ipse,
1043 2183 1067 2231 si
1086 2181 1195 2232 Possini
1223 2181 1322 2243 capita

234 2281 254 2330 ι.
275 2269 309 2330 ri.
328 2282 376 2331 vr.
396 2282 470 2332 viu.
489 2283 522 2332 x.
541 2283 602 2331 xri.
620 2283 695 2332 xlii.
715 2282 781 2332 xiv
800 2294 862 2332 eun
881 2280 1005 2330 nominis
1024 2279 1113 2346 xvir,
1135 2279 1175 2330 15.
1196 2281 1260 2345 nu,
1275 2277 1319 2329 ao.

233 2375 421 2442 vi1,8.xb,
442 2377 463 2444 1.
482 2375 506 2427 2.
527 2377 603 2444 livi,
624 2377 665 2428 11.
684 2376 824 2442 xxxvll,
846 2375 885 2426 10.
905 2377 967 2426 xlx
987 2375 1165 2442 contuleris,
1193 2375 1244 2424 tibi
1270 2377 1318 2426 ta-

231 2474 286 2524 oile
320 2473 507 2538 persuadebit.
560 2467 655 2538 Neque
699 2478 789 2524 tamen
828 2475 921 2524 eadem
956 2486 974 2523 a
997 2473 1124 2524 Simeone
1157 2457 1318 2537 bogotbeta

233 2569 387 2634 compilata
401 2584 462 2620 esse
477 2569 570 2621 dicere
582 2572 684 2639 ausim,
694 2583 775 2635 quum
790 2573 847 2622 beo
862 2569 988 2622 Allatlus
1008 2571 1035 2621 in
1055 2571 1183 2648 Diatriba
1202 2573 1236 2622 ds
1255 2575 1315 2636 Sp-

230 2681 357 2720 mronum
385 2669 501 2731 scriptia
528 2683 553 2732 p.
575 2667 625 2722 132
649 2671 682 2719 de
707 2671 837 2720 Simeous
862 2671 1054 2731 Metapbraste
1072 2670 1141 2719 baso
1160 2670 1248 2719 verba
1269 2671 1313 2722 ia-

150 2803 163 2816 .
234 2767 309 2820 ciat:
332 2767 459 2834 „Capita
483 2768 617 2832 quaedam
642 2767 804 2834 perbrevia,
827 2765 972 2816 sententiis
996 2779 1053 2816 nou
1078 2770 1133 2816 tam
1162 2767 1312 2818 concinnis

229 2869 256 2912 et
276 2864 421 2929 venustis,
450 2877 530 2927 quam
557 2862 692 2928 gravibus
717 2866 744 2910 et
768 2863 875 2912 severis
903 2847 1020 2928 referta,
1040 2867 1096 2912 tum
1116 2875 1149 2911 ex
1168 2875 1233 2930 suo,
1253 2868 1309 2914 turn

228 2975 262 3008 ex
281 2959 402 3009 aliorum
421 2973 491 3024 penu
511 2962 695 3012 concinnavit
703 2995 715 3030 ,
735 2973 820 3026 eaque
846 2961 1065 3026 elegantissima.
1102 2962 1124 3012 li
1152 2973 1205 3012 suo
1225 2967 1311 3016 suntz

224 3055 359 3122 Propertii
380 3052 526 3125 κεφάλαια
549 3055 616 3128 pla'.
637 3061 664 3110 l.
685 3074 708 3109 e.
730 3059 910 3110 sententioso
942 3060 1169 3124 comburentem
1194 3059 1308 3128 tripista

226 3167 327 3216 rauna·
346 3169 460 3218 quorum
481 3155 551 3204 illud
570 3155 754 3218 principium:
779 3153 809 3207 ‘0
830 3158 892 3226 γὰρ
910 3153 1028 3226 osipus
1051 3157 1083 3210 ir
1109 3140 1204 3228 aarppi
1222 3153 1303 3228 λόγος

227 3249 281 3304 τοῦ
307 3248 495 3322 ἅπαλωτέρου
521 3252 620 3318 βελτίω
648 3255 723 3305 κατὰ
749 3251 831 3306 πολύ.
859 3249 902 3306 'Er
927 3255 1155 3323 aliorumbaec,
1174 3271 1243 3322 quae
1260 3271 1306 3307 se-

225 3354 364 3414 quuntur:
393 3333 552 3422 modiin:
578 3350 629 3403 τοῦ
657 3348 740 3406 ὁσίου
759 3355 810 3405 καὶ
828 3345 978 3424 θέοφόρου
997 3355 1118 3426 Πατρός
1138 3351 1220 3428 ἡμῶν
1236 3361 1306 3410 Μα-

225 3448 329 3515 acptov
354 3443 405 3500 τοῦ
422 3449 585 3518 Αἰγυπτίου
605 3449 639 3502 ἐκ·
656 3446 712 3502 τῶν
731 3445 823 3503 αὐτοῦ
843 3437 937 3522 λόγων
956 3455 1212 3522 παραφρυσθέντυ
1228 3453 1305 3520 (vide

214 3546 344 3598 ⁴studium
365 3550 392 3596 st
410 3553 530 3598 conatus
551 3547 716 3614 symeonis)
742 3546 801 3602 υπὸ
820 3549 872 3602 τοῦ
891 3551 1053 3624 loyodiroo
1073 3549 1124 3604 τοῦ
1142 3557 1306 3622 Metropa-

223 3641 295 3694 oroi
314 3639 355 3712 pri
375 3646 400 3696 b.
419 3659 441 3698 s.
462 3645 564 3710 capua
582 3647 676 3698 concii
698 3651 728 3698 et
753 3647 854 3714 deiferi
880 3647 978 3699 Patris
996 3651 1089 3702 norm
1106 3651 1230 3703 Macarei
1246 3650 1306 3701 As-

117 3747 121 3760 *
219 3741 310 3806 prpitii
328 3755 365 3794 cm
382 3742 460 3795 illias
477 3745 654 3810 sermonibus
678 3745 856 3810 poropbrasi
883 3747 1014 3809 exposito
1031 3763 1049 3798 a
1067 3747 1223 3815 Lopotbcto
1240 3747 1303 3800 lile-

219 3836 369 3900 tupbrotts
388 3840 499 3890 centum
518 3839 730 3907 quinquaqinta.
749 3842 935 3906 Principium:
973 3840 1083 3914 Xo'p'm
1100 3845 1157 3918 μὲν
1176 3849 1227 3899 καὶ
1248 3844 1304 3899 do-

220 3929 272 4004 ρεᾷ
290 3930 341 3986 τοῦ
359 3929 527 4006 πνεύματος
545 3937 632 3990 aad.
654 3939 761 3990 Horum
779 3939 902 4004 capitum
925 3943 1046 3994 Macarii
1068 3957 1086 3996 a
1112 3947 1302 4009 Metapliraste

143 4033 145 4042 ‘
217 4033 389 4096 metaphrasi
418 4038 620 4084 exon-natorum
648 4037 752 4088 mentio
779 4037 810 4086 dt
828 4039 857 4089 iu
877 4037 983 4105 eclogis
1003 4041 1227 4094 testimoniorum
1245 4045 1301 4095 Pa-

130 4115 134 4134 '
217 4130 289 4178 trum
317 4131 457 4180 adversus
486 4131 665 4184 barlaamum
692 4136 721 4182 et
740 4135 921 4197 acyndinum
950 4139 978 4185 st
1010 4145 1110 4190 eorum'
1137 4137 1301 4192 haereses.“

216 4223 332 4274 Illoruit
351 4225 462 4275 simeon
483 4226 534 4276 ille
553 4227 650 4278 seculi
663 4229 818 4280 duodecimi
837 4235 916 4292 parte
935 4231 1031 4294 priore
1050 4233 1163 4287 dimidia
1181 4237 1301 4288 sublic-

215 4319 297 4380 gsrio
317 4317 347 4382 (†
377 4317 455 4386 1152)
480 4334 549 4388 rege
567 4323 693 4376 Siciliae.
731 4323 772 4376 Gi.
793 4327 854 4377 Leo
874 4329 997 4380 Allatius
1016 4331 1034 4383 l.
1054 4331 1072 4384 l.
1092 4337 1118 4382 et
1138 4309 1300 4388 bambcclns

211 4413 395 4468 commentar.
413 4419 450 4484 V,
472 4419 529 4470 121.
548 4432 586 4482 sq.
