2990 4986
617 355 859 428 ..39-

190 563 302 633 posset.
346 553 389 614 lta
420 555 451 616 iu
483 571 530 630 eo,
560 553 611 632 qui
639 570 700 614 uon
730 552 893 628 obedierat,
930 553 1085 632 prophetia
1113 553 1208 614 sancti
1235 554 1292 614 viri

191 665 312 744 impleta
333 674 390 728 est.
434 664 480 726 Dc
503 665 571 726 cibo
594 672 692 724 autem
722 673 752 726 ct
774 671 846 741 potu
873 679 1127 740 supervacaneum
1149 673 1196 725 est
1217 681 1292 724 nar-

188 793 268 852 rare,
290 776 430 855 quoniam
453 793 492 835 ne
514 775 591 852 apud
613 772 808 834 socordiores
830 772 950 851 quidem
979 772 1139 834 monachos
1168 790 1291 834 monas-

187 886 346 962 teriorum,
369 902 446 964 quae
468 891 553 946 extra
575 891 656 961 sunt,
694 882 824 944 inveniri
852 883 1003 964 ing'luvies
1032 883 1126 962 possit
1154 890 1204 945 aut
1233 883 1290 944 alia

188 993 333 1074 quaedam
357 1014 375 1056 a
396 993 612 1058 consuetudine
641 1011 757 1071 eorum,
787 995 839 1073 qui
868 995 898 1054 in
929 995 992 1056 istis
1019 994 1094 1054 locis
1124 1003 1288 1072 morantur,

188 1104 311 1166 diversa
333 1105 454 1166 vivendi
474 1105 607 1181 libertas,
630 1122 699 1164 curn
720 1087 844 1182 propter
866 1105 996 1182 inopiam
1020 1121 1122 1164 rerum
1143 1121 1288 1172 necessa-

187 1216 312 1293 riarum,
341 1224 403 1276 tum
433 1197 564 1294 propter'
587 1214 686 1276 zelum
708 1214 764 1276 Dei
790 1215 869 1275 inter
899 1231 963 1288 eos,
998 1213 1049 1292 qui
1076 1214 1118 1274 ibi
1146 1214 1287 1290 habitant,

186 1343 367 1404 unoquoque
397 1342 516 1403 semper
550 1327 719 1403 proximum
752 1324 844 1386 variis
880 1325 960 1385 vitae
993 1323 1136 1385 institutis
1165 1327 1287 1386 vincere

184 1434 394 1498 contendente.
439 1435 540 1514 Atque
563 1435 600 1497 ad
628 1435 713 1495 aliam
735 1434 823 1495 huius
847 1434 905 1494 viri
927 1434 1177 1495 exercitationem
1206 1435 1285 1512 quod

184 1555 309 1625 spectat,
331 1549 395 1626 ipse
409 1547 566 1610 dicebatur
580 1547 704 1609 adsidue
715 1548 746 1608 in
761 1547 870 1608 ecstasi
892 1563 959 1607 esse
974 1556 1004 1608 et
1022 1547 1127 1607 maiori
1149 1555 1285 1625 tempore

182 1658 247 1720 Deo
271 1659 366 1740 magis
389 1676 478 1738 quam
500 1660 592 1720 rebus
616 1659 745 1720 terrenis
768 1659 918 1736 occupari.
962 1656 1025 1718 Nec
1054 1673 1147 1735 pauca
1176 1657 1283 1718 ferun-

182 1778 232 1831 tur
254 1768 398 1832 miracula
419 1769 456 1829 ab
476 1786 513 1830 eo
535 1770 684 1848 peracta.“

273 1879 482 1956 ,Libidinosus
516 1880 635 1959 quidam
667 1880 767 1956 homo,
808 1878 977 1960 Aegyptius
1010 1863 1142 1960 gedera,
1180 1889 1283 1957 captus

184 1998 249 2052 erat
280 2008 382 2053 amore
415 1991 569 2054 cuiusdam
597 1991 721 2070 pudicae
752 1991 895 2067 mulieris,
926 2008 1003 2069 quae
1034 1993 1099 2051 viro
1130 1997 1287 2068 nupserat..

182 2101 280 2174 Quum
303 2100 452 2164 desiderio
474 2101 685 2179 frustraretur,
708 2103 850 2164 convenit
872 2119 1003 2181 magum,
1034 2101 1096 2161 cui:
1120 2101 1211 2176 „Fac
1234 2101 1284 2160 in-

180 2210 254 2288 quit,
278 2218 344 2271 arte
365 2221 425 2288 tua,
448 2220 499 2274 aut
521 2221 554 2274 ut
576 2220 656 2275 amet
678 2231 735 2289 me,
759 2221 809 2274 aut
830 2221 863 2275 ut
887 2213 1009 2273 maritus
1032 2229 1096 2272 eam
1119 2209 1200 2271 foras
1224 2210 1284 2271 eii·
1344 2257 1345 2260 η

179 2320 247 2382 ciat.
291 2321 398 2403 Magus
417 2340 494 2402 quae
516 2331 634 2402 poterat
656 2331 811 2402 expertus,
834 2323 974 2402 quoniam
990 2329 1102 2384 castum
1126 2323 1191 2382 eius
1214 2323 1283 2381 ani-

180 2448 261 2491 mum
284 2433 439 2494 dimovere
461 2451 522 2495 non
544 2441 657 2512 posset,
687 2432 796 2510 effecit,
825 2443 858 2495 ut
880 2451 957 2512 equa
978 2433 1133 2494 videretur
1155 2433 1202 2508 iis,
1232 2433 1283 2509 qui

181 2559 247 2601 eam
269 2541 472 2603 intuebantur.
506 2543 631 2606 Maritus
654 2560 730 2622 ergo
753 2544 818 2604 eius
840 2544 892 2604 ubi
915 2542 996 2605 soros
1020 2545 1111 2619 venit,
1133 2545 1165 2603 in
1187 2543 1282 2602 forma

182 2668 278 2728 equae
302 2669 367 2710 eam
390 2652 579 2729 conspicatus
601 2653 748 2734 ingemuit
771 2671 806 2713 ac
830 2653 913 2716 flevit
930 2654 968 2715 de
990 2654 1038 2730 iis,
1061 2671 1137 2730 quae
1160 2653 1282 2712 accide-

181 2769 260 2822 rant.
306 2760 427 2822 vocatis
450 2762 560 2824 deinde
581 2764 642 2824 vici
664 2763 851 2844 preshyteris
866 2782 931 2824 eam
953 2763 1092 2838 ostendit,
1116 2763 1169 2823 sed
1192 2781 1229 2824 ne
1251 2747 1282 2824 hi

179 2871 300 2950 quidem
338 2889 403 2933 rem
432 2873 654 2936 intellexerunt.
708 2875 805 2948 Quum
834 2873 929 2955 igitur
963 2872 1012 2934 illa
1046 2873 1142 2935 tribus
1176 2873 1281 2936 diebus

177 2981 395 3043 nihilomnino
417 2981 608 3060 comedisset,
631 2991 816 3062 postremum
838 2983 919 3045 Deus
941 2992 1075 3045 sanctum
1099 3001 1185 3044 suum
1208 2983 1279 3063 glo-

176 3092 346 3155 rificaturus
381 3094 595 3172 cogitationem
628 3093 734 3156 marito
757 3093 859 3156 iniecit
887 3093 1014 3154 adeundi
1043 3093 1110 3154 cum
1134 3112 1168 3153 aa
1190 3112 1276 3155 sano-

176 3213 240 3266 tum
263 3203 361 3264 virum
381 3203 412 3264 in
442 3203 619 3283 solitudine,
642 3222 735 3284 quare
765 3204 791 3266 is
814 3205 945 3283 capistro
968 3203 1087 3284 ligatam
1111 3212 1143 3266 ut
1172 3222 1277 3282 equam

177 3312 273 3389 duxit,
301 3313 352 3373 ubi
380 3313 428 3374 vir
454 3313 510 3374 Dei
536 3312 694 3376 habitabat.
744 3314 1003 3393 Appropinquanti
1034 3313 1158 3376 fratres:
1189 3314 1276 3391 Quid,

176 3422 325 3501 inquiunt,
348 3423 406 3483 buo
429 3441 535 3503 equam
557 3424 729 3488 adduxisti?
753 3424 805 3487 lile
828 3425 1008 3504 respondet:
1038 3424 1075 3486 Ut
1104 3425 1174 3486 iusti
1203 3442 1277 3484 ora-

173 3532 257 3593 tione
286 3533 521 3595 misericordiam
552 3545 763 3614 consequatur.
809 3534 850 3596 At
879 3535 923 3596 bi:
955 3534 1031 3608 Ouid
1060 3535 1179 3595 tandem
1209 3533 1276 3594 mali
1344 3609 1349 3624 ⁴

172 3641 285 3705 babet?
307 3643 496 3724 Respondet:
520 3645 612 3724 Haec,
635 3664 723 3724 quarn
746 3645 855 3708 videtis
877 3663 994 3724 equam,
1017 3661 1087 3705 cara
1110 3662 1174 3704 mea
1197 3661 1275 3704 uxor

172 3761 250 3829 erat,
273 3763 314 3833 et,
337 3755 408 3834 quid
430 3757 488 3817 iarn
511 3757 539 3819 ei
561 3756 714 3834 acciderit,
738 3756 851 3818 nescio.
896 3755 1037 3816 Revelato
1051 3763 1149 3814 autern
1169 3758 1273 3812 sancto
1341 3803 1342 3808 ,

172 3865 272 3926 omnia
295 3875 393 3943 erant,
423 3884 500 3946 quae
528 3866 637 3928 femina
659 3877 823 3946 pateretur,
853 3873 884 3926 et
904 3866 1000 3927 Deum
1022 3866 1125 3926 orabat
1146 3879 1201 3940 pro
1228 3877 1271 3921 ea.

170 3973 218 4036 illi
247 3993 322 4038 vero
353 3995 444 4056 quum
475 3979 530 4042 istu
557 3979 752 4054 audivissent,
782 3977 918 4040 referunt
947 3978 983 4038 ad
1010 3992 1131 4038 servum
1164 3971 1273 4034 Christi

170 4085 345 4162 Macarium,
378 4086 527 4149 dicentes:
557 4087 670 4166 Equam
701 4087 807 4166 aliquis
836 4087 895 4147 buc
917 4085 1048 4150 adduxit.
1093 4083 1207 4156 Quibus
1229 4084 1271 4144 is:

171 4197 244 4274 Vos,
267 4198 372 4276 inquit,
395 4199 467 4260 estis
488 4199 567 4277 oqui,
590 4199 641 4277 qui
663 4215 811 4278 equorum
826 4196 930 4257 oculos
946 4193 1077 4266 habetis3
1101 4193 1150 4254 itta
1173 4201 1270 4256 autem

151 4306 280 4372 ,femina
303 4315 360 4382 est,
389 4319 422 4371 ut
451 4317 497 4370 est
526 4318 637 4383 creata,
668 4318 699 4371 et
727 4310 767 4372 ita
797 4306 1006 4371 transformata
1033 4305 1127 4369 oculis
1157 4313 1269 4370 tantum
