2990 4986
675 332 919 406 ...46-

333 531 404 612 lam,
427 531 736 614 quomodoblacarius
750 531 888 596 feminam
910 532 1021 614 amagi
1044 529 1215 612 praestigiis
1237 529 1345 612 solvat,

247 645 467 708 animadvertet
513 643 704 706 Orationibus
726 641 763 704 ad
783 641 878 704 Deum
902 641 1073 721 praemissis
1100 640 1248 702 infelicem
1270 658 1346 720 uque

245 755 402 819 benedicta
423 761 448 816 a·
462 773 578 818 summo
599 753 668 816 inde
689 755 804 817 vertice
827 754 932 833 capitis
954 751 1121 830 madefacit,
1143 762 1176 816 ut
1199 750 1345 814 Palladius

245 872 358 944 umret,
388 863 455 926 oleo
491 871 597 926 sancto
626 862 778 943 perungit,
807 870 935 926 testante
964 862 1042 924 libro
1069 861 1212 924 secundo.
1257 860 1345 935 Quod

245 972 365 1052 quidem
393 984 565 1054 utrumque,
598 982 629 1036 et
658 973 757 1036 oleum
793 981 825 1036 et
853 992 929 1053 aqua
957 973 1124 1052 benedicis,
1156 972 1232 1051 apud
1254 989 1345 1034 senes

243 1083 378 1165 Aegypti
405 1087 436 1148 in
464 1105 522 1148 usu
550 1085 606 1148 fuit
634 1085 672 1148 ad
701 1103 858 1166 magorum
885 1083 1015 1164 fallacias
1044 1083 1233 1147 evertendas.
1278 1080 1344 1144 Olei

245 1211 319 1256 usus
341 1193 380 1256 ad
402 1195 552 1258 curandos
573 1194 717 1272 infirmos,
741 1212 835 1276 aquae
856 1195 1031 1258 benedictae
1056 1194 1093 1256 ad
1115 1209 1273 1275 magorum
1293 1191 1344 1252 in·
1407 1186 1413 1206 ⁸

243 1303 427 1368 cantationes
450 1305 610 1367 solvendas
632 1304 819 1385 frequentior
848 1293 945 1368 luisse‘
964 1304 1092 1367 videtur.
1137 1303 1224 1383 Aqua
1245 1304 1344 1366 bene-

243 1413 321 1476 dicta
356 1422 387 1476 et
422 1413 491 1476 oleo
531 1423 635 1477 sancto
675 1415 822 1478 Macarius
854 1413 1076 1476 Alexandrinus
1115 1413 1342 1475 daemoniacum

243 1534 330 1588 curat
345 1530 374 1602 ¹).
418 1523 505 1605 Aqua
533 1525 583 1588 ille
604 1525 739 1590 Hilarion
766 1526 980 1590 incantationes
1008 1543 1164 1606 magorum
1186 1543 1204 1586 a
1225 1524 1342 1586 stabulo

243 1633 310 1698 lteli
320 1633 431 1696 avertit
441 1631 485 1716 ²),
496 1633 688 1698 Macedonins
702 1636 858 1698 mulierem
869 1635 1014 1698 daemone
1024 1635 1168 1716 ingluviei
1180 1634 1287 1698 liberat
1298 1633 1342 1716 ³),
1440 1695 1445 1700 .

241 1747 363 1808 insanae
384 1746 521 1809 medetur
531 1744 576 1830 ⁴),
597 1748 767 1828 Aphraates
783 1765 893 1827 equum
916 1747 1108 1826 Imperatoris
1130 1753 1215 1808 sanat
1227 1743 1270 1826 ⁵),
1291 1743 1342 1806 lo-

242 1863 342 1916 custas
363 1853 500 1940 arcet⁶).
544 1855 631 1937 Aqua
661 1878 677 1919 a
698 1858 820 1920 senibus
842 1857 1000 1920 benedicta
1026 1857 1179 1937 „salutare
1200 1857 1342 1936 pharma-

242 1967 333 2026 cum“
358 1976 494 2044 vocatur,
516 1985 575 2046 quo
598 1976 628 2030 et
650 1969 747 2030 morbi
769 1967 970 2048 depelluntur,
1000 1977 1031 2030 et
1051 1968 1212 2030 daemones
1234 1965 1342 2047 fugere

241 2085 392 2158 coguntur
407 2074 455 2159 ²).
499 2076 694 2142 Exercismos
716 2088 815 2142 tamen
838 2098 854 2140 a
876 2079 998 2140 senibus
1010 2079 1047 2140 ad
1057 2079 1231 2140 daemonem
1253 2093 1341 2138 emo·

242 2185 371 2246 vandum
393 2185 539 2248 adhibitos
561 2205 629 2250 esse
651 2206 712 2250 non
734 2192 844 2268 reperi.

326 2295 423 2357 Porro
445 2313 577 2374 causam,
601 2315 656 2359 cur
679 2317 784 2380 magus
806 2299 934 2364 feminae
961 2316 1073 2360 nocere
1100 2296 1243 2376 potuerit,
1272 2294 1339 2357 bla-

240 2407 341 2468 carius
351 2406 427 2468 banc
441 2407 560 2486 indicat,
572 2409 653 2489 quod
665 2411 795 2490 quinque
807 2430 842 2474 ea
857 2409 1091 2474 hebdomadibus
1103 2427 1163 2470 non
1175 2407 1340 2472 accesserit

240 2518 276 2578 ad
309 2517 485 2581 intemerata
509 2519 619 2582 Christi
647 2523 796 2602 mysteria.
853 2522 966 2596 Quibus
999 2521 1100 2582 verbis
1131 2519 1340 2582 eucharistiam

238 2625 375 2708 intelligi,
404 2629 454 2690 vix
483 2629 638 2710 ambigere
672 2632 796 2709 poteris.
840 2631 1028 2694 Eucharistia
1057 2639 1156 2692 autem
1185 2629 1340 2690 illusiones

240 2737 418 2798 daemonum
448 2738 547 2800 arceri
575 2749 636 2818 aut,
669 2739 696 2802 si
723 2741 871 2804 adhibitae
896 2751 975 2819 sunt,
1012 2741 1137 2818 destrui,
1167 2739 1341 2818 saepissime

238 2846 358 2926 legitur.
411 2845 581 2926 Cassianus,
609 2858 642 2910 ut
668 2868 761 2912 unum
790 2870 808 2914 e
842 2852 941 2914 multis
972 2851 1142 2930 exemplum
1170 2849 1340 2925 atteramus,

239 2957 390 3032 iuvenem,
412 2965 530 3034 sumpto
543 2975 618 3036 pane
631 2960 764 3039 caelesti,
786 2962 822 3022 eb
845 2963 992 3042 impudica
1006 2962 1184 3024 daemonum
1199 2959 1339 3022 illusione

239 3065 398 3127 liberatum
427 3082 496 3126 esse
525 3067 680 3150 narrati).
724 3071 824 3150 Atque
847 3071 902 3132 alia
921 3071 1069 3150 exempla,
1092 3070 1201 3150 quibus
1223 3068 1338 3128 enoba-

239 3176 323 3237 ristia
344 3174 523 3255 praestigias
538 3175 714 3240 daemonum
736 3180 848 3244 solutas
866 3197 935 3244 esse
958 3181 1112 3257 docemur,
1136 3175 1237 3242 Delrio
1261 3195 1339 3238 cun-

240 3284 346 3368 gessit‚
379 3283 417 3344 ad
445 3284 531 3347 euius
559 3285 668 3350 librum
690 3287 864 3374 delegamus
875 3291 918 3374 ⁹).
971 3291 1003 3353 Si
1033 3309 1106 3353 vero
1136 3291 1237 3354 intima
1270 3305 1339 3348 curn

266 3480 292 3540 l)
314 3478 382 3528 infra
404 3478 465 3546 Gap.
488 3486 533 3538 ΙΙΙ,

264 3567 293 3628 2)
314 3567 372 3618 Vita
395 3569 518 3626 Hilarion.
540 3587 596 3636 cap.
619 3569 654 3624 tt
672 3575 697 3624 in
718 3576 770 3629 VV.
791 3575 839 3626 Pl’.
868 3576 956 3628 Rosw.
981 3591 1005 3640 p.
1032 3575 1122 3638 79,1.
1160 3583 1166 3594 ”

264 3655 293 3710 3)
316 3655 371 3709 VV.
398 3661 448 3713 Pl).
468 3661 555 3711 Rosw.
580 3661 625 3716 lib.
646 3662 680 3713 lX
702 3679 758 3731 cap.
784 3669 818 3716 13
838 3681 861 3729 p.
883 3666 948 3726 830,
980 3668 1002 3718 l.

262 3740 292 3808 lt)
315 3743 381 3794 lbid.

264 3832 292 3899 5)
314 3832 379 3888 thid.
398 3849 453 3901 cap.
479 3838 539 3902 8p.
561 3839 625 3902 821,
649 3844 672 3894 l.

262 3921 292 3987 6)
314 3921 381 3974 Ibid.
402 3939 427 3990 p,
448 3924 513 3989 821,
536 3929 562 3978 2.

264 4015 291 4073 7)
312 4011 378 4062 thid.
397 4028 454 4076 cap.
476 4016 510 4065 21
531 4029 556 4078 p.
579 4013 645 4076 840,
665 4018 692 4066 2.

261 4101 289 4160 8)
310 4101 404 4156 (tollat.
426 4107 508 4164 XXII,
530 4119 586 4170 cap,
607 4104 633 4156 6.
654 4105 694 4154 ed.
717 4104 734 4153 1.
758 4120 781 4170 ρ.
804 4107 868 4158 581.

264 4185 292 4249 9)
313 4187 445 4254 Disquisit.
472 4195 564 4257 magio.
593 4191 637 4245 lib.
659 4192 692 4241 Vl
719 4207 774 4258 cap.
797 4198 821 4245 ll
850 4195 917 4246 Sect.
942 4193 978 4246 lli
1001 4195 1030 4258 Q.
1053 4196 1070 4246 3
1097 4196 1139 4246 ed.
1168 4196 1237 4262 Meg.
1262 4193 1337 4247 1624

313 4289 337 4339 p.
359 4276 413 4328 985
435 4294 490 4344 sqq.
1291 4292 1293 4298 ’
