2990 4986
680 371 921 444 ...42-

249 570 327 630 rium
359 567 574 652 Aegyptium).
630 570 684 634 cui
719 573 917 650 percontanti,
949 571 1019 650 quid
1048 571 1174 650 vellent,
1206 581 1345 651 parentes

251 679 333 740 eius:
349 656 438 758 'Eque
459 679 543 758 haec,
566 681 658 757 aiunt,
681 697 768 758 quam
792 679 894 742 vident
908 679 988 742 oculi
1010 681 1069 754 tui;
1092 681 1191 761 puella
1207 682 1294 762 virgo
1316 690 1347 744 et

249 787 309 850 filia
332 798 435 852 nostra
457 787 521 868 fuit,
550 789 605 852 sed
632 788 767 852 homines
790 789 911 868 pessimi
940 790 1064 871 magicis
1086 808 1151 851 eam
1180 791 1293 852 ortibus
1315 791 1346 851 in

250 898 358 978 ipsum,
381 898 461 980 quod
482 900 642 980 conspicis,
665 900 772 962 animal
795 909 994 964 mutaverunt.
1029 901 1180 984 Rogamus
1204 919 1292 982 ergo,
1315 910 1347 964 ut

248 1016 355 1072 orante
376 1018 406 1072 te
417 1009 560 1072 Dominus
582 1017 744 1073 commutet
756 1029 821 1072 eam
842 1011 873 1072 in
895 1011 984 1088 illam,
1007 1029 1084 1090 quae
1106 1011 1170 1086 luit,
1200 1023 1345 1078 naturam.

248 1118 296 1180 Ac
317 1119 381 1182 ille:
403 1118 481 1201 Ego,
503 1120 609 1199 inquit,
632 1119 718 1199 hanc,
740 1139 828 1200 quam
847 1121 1003 1185 ostenditis
1016 1123 1096 1199 mihi,
1119 1122 1245 1201 puellam
1258 1123 1345 1184 video

248 1231 322 1294 nibil
343 1234 374 1296 in
395 1251 430 1296 so
452 1233 576 1314 pecudis
599 1234 770 1308 habentem;
803 1235 861 1298 hoc
883 1243 998 1312 autem,
1037 1237 1116 1314 qnod
1138 1237 1254 1314 dicitis,
1285 1255 1345 1298 non

249 1353 296 1408 est
317 1345 347 1404 in
361 1344 426 1407 aius
442 1362 583 1424 corpore,
605 1346 658 1408 sed
680 1346 817 1410 inoculis
839 1347 1026 1410 intuentium.
1072 1347 1244 1410 Phantasiae
1265 1349 1346 1408 enirn

248 1454 426 1518 daemonum
448 1465 519 1518 sunt
541 1457 626 1536 istae,
649 1475 710 1518 non
733 1457 843 1521 veritas
867 1475 978 1520 rerum.
1024 1457 1156 1538 Cumque
1186 1475 1251 1520 earn
1277 1475 1345 1518 curn

247 1565 422 1644 parentibus
444 1568 506 1630 suis
527 1569 557 1628 in
580 1568 717 1630 cellulam
739 1569 964 1646 introduxisset,
997 1568 1083 1632 flexis
1105 1569 1233 1650 genibus
1255 1587 1345 1630 orare

186 1663 189 1672 ¹
249 1676 400 1737 dominum
423 1679 532 1756 coepit,
555 1679 702 1759 simulque
725 1689 864 1758 parentes
886 1687 997 1756 monet,
1019 1687 1052 1742 ut
1075 1678 1252 1740 secumDeo
1270 1697 1359 1758 sup-¹

249 1784 376 1863 plicent3
398 1787 560 1866 posthaec
582 1799 727 1868 peruncta
749 1791 816 1852 oleo
839 1789 870 1850 in
891 1790 1012 1850 nominc
1033 1788 1162 1867 Domini,
1185 1791 1264 1850 omni
1287 1788 1345 1849 lal-

247 1896 323 1960 lacia
336 1897 417 1960 visus
438 1899 573 1979 expulsa,
596 1902 684 1982 virgo
709 1908 740 1962 ut
758 1909 863 1963 sancto
885 1899 953 1980 ipsi,
975 1901 1020 1962 sic
1042 1908 1073 1962 et
1095 1899 1233 1962 omnibus
1257 1899 1347 1960 vide-

248 2009 365 2072 batur.“
420 2011 590 2074 Verisimile
619 2019 677 2090 est,
711 2024 867 2091 utromque
896 2021 925 2074 et
957 2011 1099 2072 historiae
1122 2011 1281 2072 Lausiacae
1315 2017 1347 2071 et
1389 2029 1394 2039 ’

248 2119 317 2181 libri
352 2121 477 2184 secundi
509 2123 710 2186 narrationem
747 2141 785 2184 ex
813 2121 920 2184 eodem
949 2120 1031 2184 fonte
1058 2139 1204 2182 manasse.
1257 2119 1344 2194 Quod

249 2229 364 2292 iacdius
386 2233 531 2307 creditur,
554 2251 644 2312 quum
666 2251 705 2294 ex
726 2233 773 2310 iis,
797 2250 873 2311 quae
895 2249 985 2310 supra
1007 2230 1245 2307 disseruimus'),
1269 2247 1346 2290 con-

222 2322 318 2417 'stet
342 2341 514 2419 Palladium,
544 2343 595 2423 qui
616 2343 789 2405 Lausiacam
811 2341 940 2422 scripsit,
970 2351 1021 2404 aut
1050 2341 1159 2402 librum
1182 2340 1348 2403 secundnm

249 2461 310 2530 aut,
332 2452 413 2532 quod
437 2452 522 2516 uobis
543 2452 727 2532 probabilius
739 2453 836 2516 visum
859 2460 915 2529 est,
937 2458 1053 2513 textum
1068 2469 1222 2532 graecum,
1246 2471 1263 2513 e
1285 2469 1345 2532 quo

247 2561 325 2624 liber
347 2563 397 2626 ille
418 2562 513 2640 fluxit,
536 2562 715 2626 adhibuisse.
737 2562 943 2641 Eandemque,
965 2563 1016 2641 qui
1038 2580 1116 2624 anno
1129 2571 1197 2642 post
1219 2571 1345 2625 mortem

248 2674 370 2738 Macarii
388 2674 502 2740 Nitriae
525 2684 657 2738 montem
671 2676 802 2751 intravit,
825 2674 875 2734 ubi
897 2673 1001 2734 decern
1013 2672 1077 2735 fere
1088 2691 1182 2736 annos
1193 2675 1345 2736 solitudini

246 2785 344 2848 Soetid
365 2788 479 2850 vicinus
499 2786 636 2869 degit²)‚
660 2787 877 2848 accuratiorem
904 2785 997 2847 lamae
1028 2785 1187 2863 relatorem
1211 2785 1346 2861 duxeris,

246 2897 424 2974 praesertim
445 2915 536 2975 quum
551 2897 689 2960 Rufinum
711 2897 831 2958 infidum
854 2897 1050 2974 interpretem
1073 2914 1141 2958 csse
1164 2904 1289 2958 constet.

332 3007 419 3080 Quod
441 3007 479 3068 ed
500 3006 627 3068 fabulam
648 3008 741 3086 ipsam
764 3008 878 3084 attinet,
901 3007 1030 3088 magicas
1061 3014 1141 3067 artes
1171 3007 1248 3085 apud
1278 3007 1343 3068 he-

246 3117 366 3199 gyptios
386 3119 422 3179 ab
442 3118 653 3196 antiquissimis
675 3118 745 3179 inde
759 3112 943 3196 temporibus
962 3117 992 3177 in
1008 3134 1065 3178 usu
1080 3115 1184 3194 fnisse,
1206 3135 1264 3178 non
1288 3123 1344 3191 est,

246 3228 326 3308 quod
349 3228 455 3289 dicam.
499 3229 640 3310 Legimus
660 3229 759 3304 etiam,
783 3227 943 3289 Commodo
967 3229 1157 3305 imperatore,
1181 3226 1345 3305 Philippum

244 3340 378 3419 Aegypti
399 3339 668 3402 administratorem
694 3340 828 3419 ,cunctis
842 3338 1045 3399 curiositatem
1062 3337 1204 3416 magicam
1225 3343 1346 3395 sectan-

247 3451 327 3512 tibus
349 3449 437 3510 hnem
459 3451 655 3530 irnposuisse“
671 3447 713 3532 ³).
738 3452 850 3523 Quarto
873 3447 993 3510 saeculo
1014 3448 1211 3525 imperatores
1233 3443 1346 3504 adver-

247 3577 299 3626 sus
331 3579 434 3641 magos
467 3561 551 3642 leges
585 3569 750 3624 sanxerunt
761 3558 804 3642 ⁴),
839 3577 965 3638 quarum
998 3576 1055 3618 nna
1086 3575 1191 3619 eorum
1226 3570 1346 3633 quoque

245 3673 401 3734 scientiam
424 3672 594 3750 proscribit,
627 3673 677 3750 qui
705 3671 829 3752 magicis
859 3669 985 3730 accincti
1015 3668 1128 3729 artibus
1158 3673 1208 3727 aut
1240 3673 1347 3726 contra

246 3782 371 3846 salutem
393 3782 544 3845 hominum
567 3783 675 3862 moliri,
699 3790 749 3842 aut
772 3780 895 3860 pudicos
919 3779 1033 3840 animos
1057 3777 1093 3838 ad
1115 3776 1265 3838 libidinem
1288 3773 1346 3834 de-

275 4072 302 4134 l)
324 4073 389 4138 Gap.
410 4072 421 4124 Ι
442 4076 468 4137 S.
491 4074 517 4128 6.

272 4161 301 4225 2)
323 4160 363 4219 Gi.
383 4163 449 4214 inira
470 4161 531 4228 Gap.
553 4165 590 4212 lll
607 4163 634 4223 S.
657 4159 701 4212 20.

270 4252 301 4317 3)
325 4252 351 4304 S.
375 4253 507 4319 Eugeniae
529 4251 586 4299 Vita
608 4263 663 4312 cap.
687 4250 710 4301 1.
729 4245 816 4300 Rosw.
838 4247 898 4294 VV.
922 4247 972 4299 PP.
994 4259 1017 4308 p.
1038 4238 1102 4304 340,
1128 4245 1151 4292 1.

185 4393 188 4400 ,
272 4336 304 4406 4)
326 4340 373 4396 Tit.
395 4339 459 4392 God.
483 4339 515 4389 de
536 4337 658 4388 analeticis
680 4344 705 4386 et
725 4334 908 4387 mathematicis
930 4335 984 4396 (lx,
1010 4330 1062 4399 18).
