2990 4986
659 320 903 393 ...36-

233 526 359 589 altanum
382 524 571 585 chartaceum
584 525 621 596 ι).
666 519 723 592 Qui
745 517 864 596 quidem
888 517 1009 580 codices
1031 519 1069 579 ab
1092 517 1257 597 exemplari
1270 517 1334 580 Go-

233 635 331 700 telerii
353 633 502 695 nonnullis
523 631 598 692 loeis
620 628 754 707 differre,
781 635 870 708 atque
902 629 991 692 etiam
1021 628 1236 707 locupletiores
1263 645 1334 692 csso

232 745 423 821 videbantur,
444 743 485 803 ita
506 751 540 804 ut
563 741 765 818 maximopere
791 737 874 820 digni
897 739 966 816 sint,
989 739 1040 818 qui
1061 740 1224 801 comedite
1247 748 1333 803 textu

233 855 376 917 Gotelerii
398 851 592 915 conferantur
599 870 608 925 ;
639 865 706 925 nos,
733 867 812 928 quae
842 849 878 910 ad
907 849 1056 911 blacarios
1086 852 1247 930 pertinent,
1276 850 1334 931 ipsi

233 965 422 1028 contulimus.
446 960 673 1024 Observandum
689 967 787 1020 autern
809 968 867 1036 est,
890 959 1114 1038 compilatorem
1136 961 1215 1023 illius
1237 973 1335 1039 opus-

234 1074 293 1136 culi
315 1071 574 1153 Apopbthegmala
595 1070 732 1149 inseripti
753 1069 785 1130 in
808 1069 999 1148 praelationis
1023 1070 1081 1133 fine
1104 1071 1142 1132 de
1169 1069 1334 1150 appendice

235 1185 361 1266 quadam
384 1201 401 1244 a
424 1200 458 1245 se
481 1182 595 1244 adiecta
624 1181 718 1260 loqui,
749 1197 808 1259 qua
833 1197 956 1258 ,senum
986 1179 1090 1258 ellata,
1124 1195 1251 1260 quorum
1273 1195 1334 1242 no-

235 1295 313 1357 mina
334 1311 394 1356 non
417 1293 641 1369 nominantur“,
663 1289 822 1372 collegerit
833 1287 878 1372 ²).
929 1291 1002 1352 Eanr
1026 1291 1118 1372 igitur
1140 1290 1334 1370 appendicem

234 1424 322 1486 quam
357 1405 491 1484 nuspiam
527 1403 634 1466 editam
667 1401 822 1480 videmus,
856 1401 1014 1465 chartaceo
1037 1403 1088 1465 illo
1111 1403 1205 1464 allero
1228 1402 1334 1464 codice

235 1516 319 1580 alol.
342 1514 422 1591 80,l
442 1513 585 1594 usquead
605 1513 654 1574 lol-
674 1513 774 1590 roal
801 1513 948 1577 contineri
970 1514 1120 1591 existimo,
1142 1513 1251 1592 quippe
1273 1531 1334 1592 quo

235 1627 377 1690 continuo
399 1631 467 1704 post
482 1623 741 1704 Apophtbegmata
763 1621 902 1684 collectio
914 1623 1118 1685 narrationum
1141 1623 1179 1684 dc
1201 1623 1336 1702 patribus

234 1739 300 1800 sinc
322 1735 519 1813 inscriptione
549 1723 707 1812 sequatur3
736 1732 790 1794 sed
821 1725 935 1794 i'nitinm
964 1734 1070 1796 deesse
1098 1734 1225 1796 videtur.
1271 1734 1335 1795 llae

235 1855 333 1908 autem
356 1847 545 1908 narrationes
568 1844 756 1906 solummodo
779 1862 874 1924 osque
896 1844 933 1905 ad
955 1843 1005 1908 fol.
1025 1844 1095 1922 145,
1118 1843 1191 1906 2de
1212 1845 1335 1907 senibus

234 1957 389 2035 anonymis
411 1965 515 2036 agunt,
538 1954 618 2016 unde
641 1935 716 2016 aliae
731 1953 893 2015 nonnullae
911 1954 949 2015 dc
971 1955 1102 2032 senibus,
1124 1973 1253 2034 qnorum
1275 1972 1336 2016 no-

234 2067 312 2128 mina
335 2049 433 2128 addita
455 2074 535 2144 sunt,
558 2075 738 2146 sequuntur,
761 2075 850 2144 atque
871 2067 951 2127 inter
973 2084 1023 2128 eas
1039 2067 1115 2128 duae
1137 2067 1334 2144 deMaoariiS‚

235 2193 308 2256 quas
331 2195 349 2236 e
378 2175 482 2238 codice
504 2175 670 2254 descriptas
692 2176 771 2236 iusto
794 2173 862 2235 loco
884 2175 1090 2257 adiungemus.
1134 2175 1239 2256 Neque
1261 2175 1334 2238 illud

234 2287 284 2347 bie
306 2285 488 2362 omittamus,
511 2287 541 2345 in
566 2285 660 2348 altero
683 2301 813 2363 quoquc,
843 2285 1075 2348 membranaceo
1097 2285 1148 2347 illo
1170 2295 1201 2348 et
1221 2303 1336 2365 perve-

235 2403 327 2472 tusto,
348 2394 454 2456 codice
467 2404 534 2474 post
545 2395 804 2474 Apophthegmata
819 2414 835 2457 a
849 2395 899 2457 iol.
917 2395 989 2474 141,
1011 2397 1032 2458 2
1045 2397 1188 2477 usquead
1203 2395 1253 2458 lol.
1274 2394 1335 2458 158

235 2505 376 2584 quasdam
410 2506 595 2569 narrationes
625 2506 766 2567 continuo
794 2507 880 2586 sequi
909 2507 1082 2586 inscriptas:
1116 2504 1270 2587 Διήγησις
1299 2504 1334 2564 ἐκ

235 2615 291 2675 τοῦ
313 2613 386 2692 βίου
408 2615 468 2676 τοῦ
488 2611 731 2693 ἈββᾶΛανιὴλ.
753 2606 808 2674 Ἦν
829 2637 877 2687 τις
897 2613 1001 2698 γέρων
1023 2615 1056 2677 ἐν
1077 2615 1115 2700 τῇ
1130 2613 1240 2700 ’Σκήτῃ
1261 2669 1267 2680 ,
1292 2662 1299 2678 .
1324 2660 1332 2674 .

234 2725 338 2806 ltaque
365 2727 488 2788 alteram
518 2727 661 2788 habemus
691 2725 983 2807 Apophtbegmatum
1017 2727 1228 2807 appendicem,
1258 2744 1335 2805 quae

236 2841 346 2912 tamen,
375 2854 466 2914 quum
489 2837 608 2896 nomina
631 2851 747 2912 senum,
770 2833 937 2913 dequibus
960 2837 1071 2919 agitur,
1094 2837 1243 2916 adscripta
1265 2837 1334 2910 sint,

170 2981 175 2990 ·
235 2945 339 3007 eadem
361 2944 421 3022 illa,
444 2943 530 3004 cuius
544 2942 837 3024 Apophthegmatum
851 2943 996 3023 praefatio
1011 2954 1257 3038 memoratessa
1276 2964 1335 3008 ne-

234 3058 307 3138 quit.
350 3054 395 3116 De
417 3052 556 3116 Macariis
584 3053 655 3114 huic
684 3053 770 3116 alteri
791 3054 1010 3118 membranacei
1037 3057 1150 3120 codicis
1180 3057 1335 3136 appendici

235 3167 307 3232 nibil
328 3167 414 3228 inest.

317 3275 378 3336 lam
392 3281 511 3354 praeter
533 3273 582 3334 illa
597 3272 857 3356 Apopbtbegmata
879 3285 911 3337 et
927 3293 1085 3356 quaecum
1108 3277 1145 3338 iis
1159 3277 1333 3356 cohaerent,

234 3385 290 3448 alia
317 3403 437 3464 quoque
469 3384 611 3447 nonnulla
637 3385 911 3469 npophthegmara,
948 3405 1024 3466 quae
1060 3387 1204 3452 Possinus
1239 3389 1334 3470 prior,

262 3642 288 3700 1)
309 3639 376 3690 eod.
398 3655 443 3694 ms.
464 3639 523 3696 hist.
543 3657 629 3708 graec.
648 3643 690 3699 Nc.
705 3645 731 3706 9,
753 3645 812 3695 olim
834 3642 871 3698 la
891 3647 917 3696 io
939 3645 983 3701 iol.
1008 3648 1114 3702 maiore.
1154 3649 1182 3698 ln
1205 3650 1333 3715 principio

310 3735 336 3778 et
356 3727 406 3776 fine
426 3729 529 3780 mutilus
551 3739 598 3782 est.
620 3732 844 3799 Apopbthegmata
863 3733 908 3785 illa
929 3733 1056 3786 habentur
1076 3735 1229 3792 lcl.1-80
1251 3735 1333 3789 Codi-

308 3831 363 3866 eem
384 3815 534 3867 lambecius
555 3819 692 3884 descripsit
713 3821 730 3870 l.
753 3820 770 3875 l.
791 3836 815 3886 p.
837 3817 894 3873 840
915 3837 971 3890 sqq.

258 3917 289 3982 2)
310 3917 425 3968 Goteler.
453 3919 522 3974 lloo.
542 3919 612 3971 Eccl.
636 3919 726 3974 Graec.
754 3919 782 3976 Τ.
811 3925 870 3987 Ιρ.
893 3923 966 3979 359;
999 3923 1125 3990 ‚AEnecdq
1147 3925 1180 3980 δέ
1205 3931 1259 3979 etos
1287 3932 1333 3980 act

308 4003 394 4075 ἕτεροι
422 4005 500 4075 λόγοι
525 4006 661 4078 γερόντων
701 4009 788 4076 ἁγίων
814 4013 859 4061 καὶ
892 4012 1003 4082 πράξεις
1028 4019 1066 4083 μὴ
1093 4016 1273 4084 ἐμφαίνοντες
1300 4018 1332 4067 rat

307 4091 427 4161 ὀνόματα
461 4095 513 4144 τῶν
551 4109 577 4145 re
616 4094 760 4164 εἰρηκότων
794 4096 891 4156 αὐτούς
927 4104 974 4150 καὶ
1003 4101 1177 4172 πραξάντων,
1225 4102 1332 4161 τούτους

305 4181 375 4324 qoud
411 4183 458 4243 pqr
494 4181 689 4251 συμπλήρωσιν
723 4184 777 4235 τῶν
815 4191 882 4239 κατὰ
925 4197 1063 4256 στοιχεῖον
1100 4191 1130 4242 ἐν
1171 4193 1332 4260 κεφαλαίοις

307 4267 486 4336 ἐεθέμεθα“,
