2974 4964
680 361 922 438 ..πμ

227 629 240 654 ‚
260 561 410 628 custodio.
453 559 535 625 llaec
556 559 677 642 qnidam
706 578 725 624 e
753 559 854 628 multis
876 559 1051 646 magnisque
1072 561 1169 645 signis
1198 579 1233 626 ao
1253 571 1357 628 certa-

259 674 388 738 minibus
408 671 513 754 inclyti
534 680 565 736 et
586 671 699 736 virtute
719 671 819 736 ornati
839 672 934 736 biarci
946 671 977 756 ¹)
999 673 1158 736 indicavit

345 783 420 846 Cum
434 782 551 846 duobus
565 781 719 846 codicibus
738 781 1021 847 Vindobonenstous
1040 783 1078 846 de
1098 784 1157 847 boc
1178 783 1247 847 loco
1269 801 1356 847 com·

258 895 416 976 ponendus
436 903 484 958 est
504 894 612 960 tertius
633 894 753 976 quidam
766 893 864 958 codex
885 894 1259 960 bibbotbecaecaesareae
1279 896 1356 958 Vin·
1477 975 1478 978 Ἴ

258 1005 441 1069 dobonensis
457 1001 509 1088 ²),
548 1004 579 1068 in
616 1023 676 1086 quo
716 1005 862 1086 capitibus
901 1006 1039 1069 asceticis
1071 1004 1227 1068 cuiusdam
1262 1005 1356 1068 biarci

256 1115 425 1196 inscriptis:
461 1111 526 1176 Τοῦ
556 1111 641 1194 oppia
661 1111 782 1197 μάρκου
810 1109 884 1198 nrpt'
905 1113 960 1176 τοῦ
982 1114 1191 1194 πνιοματίκου
1212 1114 1308 1194 νόμου
1323 1113 1355 1198 ³)

217 1254 222 1262 ·
256 1223 403 1308 prologus
437 1221 679 1309 praemtttiturt)
715 1243 734 1288 e
766 1224 863 1304 capite
896 1223 1041 1288 historiae
1069 1227 1242 1305 hassinone,
1274 1225 1354 1306 quod

256 1336 419 1416 attulimus,
440 1336 625 1418 compilatus.
670 1336 728 1411 Qui
749 1337 854 1420 incipit
874 1339 991 1414 verbis:
1025 1327 1123 1410 Οὗτος
1150 1331 1166 1398 ὃ
1196 1331 1355 1412 ἀθάνατος
1478 1371 1479 1380 1

257 1446 314 1510 καὶ
334 1444 489 1529 μακάριος
510 1444 632 1529 μάρκος
654 1444 802 1530 νεώτερος
831 1443 875 1513 ὢν
903 1453 1039 1512 παλαιὰν
1066 1445 1123 1512 καί
1144 1446 1256 1529 καίνην
1276 1469 1354 1530 yper.
1478 1499 1479 1516 ,

256 1556 323 1640 φῆν
345 1553 555 1638 ἄπεοτὴθισεν
576 1605 584 1621 .
608 1605 616 1622 .
640 1604 682 1622 ..
726 1559 802 1623 Turn
824 1561 976 1642 sequitur:
1009 1555 1094 1642 Περὶ
1116 1554 1228 1620 τούτου
1249 1551 1353 1640 ἔφηὸ
1478 1525 1479 1558 ³

254 1665 324 1748 μέγ.
345 1664 503 1752 μακάριος
520 1662 537 1731 o‘
552 1665 786 1752 Ἀλοξά-νδρινος
808 1667 1015 1753 πρεσβύτερος
1033 1659 1086 1751 rin,
1109 1663 1158 1730 ὅτι
1179 1667 1222 1752 τῷ
1242 1665 1353 1752 μάρκῳ

255 1777 299 1863 τῷ
321 1775 441 1864 ἆσκητῇ
464 1775 611 1842 οὐδέποτε
634 1778 741 1843 ἔδωκα
762 1782 979 1864 προσφοράν.
1004 1827 1044 1848 ..
1087 1781 1151 1856 Quat
1181 1780 1353 1846 narratione

254 1889 293 1954 da
314 1890 475 1969 oblatione,
497 1907 584 1970 quarn
607 1890 709 1954 blanco
731 1891 797 1954 seni
817 1889 944 1974 angelus
964 1889 1093 1970 dederit,
1121 1888 1202 1954 finita
1231 1888 1353 1952 alteram

253 2001 332 2085 legis
354 2001 392 2064 de
413 2001 512 2064 catulo
534 2019 569 2064 ac
600 2001 678 2082 pelle
699 2003 844 2086 hyaenae,
878 2020 956 2084 quae
976 2001 1080 2082 incipit
1101 2001 1218 2064 vernis:
1254 1987 1353 2073 Οὗτος

255 2107 272 2176 ὅ
293 2110 393 2193 μέγας
416 2109 472 2174 καί
494 2108 649 2186 ἀθάνατος
669 2117 789 2193 μάρκος
811 2107 883 2174 πότε
905 2099 1130 2188 καθεζομένοο
1146 2108 1179 2172 ἐν
1205 2107 1243 2194 τῇ
1268 2098 1350 2194 οὔλῃ

253 2221 311 2304 τῆς
343 2219 457 2304 κόλλης
486 2217 663 2286 αὐτοῦκαὶ
693 2221 737 2307 τῷ
769 2221 832 2308 θεῷ
853 2221 1117 2306 προσομιλοῦντος
1145 2219 1252 2283 uictum
1275 2265 1283 2282 .
1307 2265 1315 2282 .
1340 2269 1348 2286 .

253 2334 319 2409 Qua
339 2335 458 2416 quidem
489 2333 662 2402 narratione
689 2331 835 2415 prologus
864 2331 922 2398 iste
950 2332 1127 2397 terminetur
1136 2331 1177 2417 ⁵).
1228 2332 1350 2394 bernus

252 2445 372 2528 pellem,
394 2446 432 2508 ab
453 2445 571 2528 hyaena
593 2444 650 2508 sibi
671 2443 810 2524 oblatam,
831 2443 889 2508 boc
910 2444 1039 2530 prologo
1060 2453 1149 2526 teste,
1170 2444 1199 2509 S.
1218 2443 1350 2508 blacerio

250 2550 384 2640 reliquit,
405 2575 423 2620 a
443 2575 503 2638 quo
525 2575 591 2620 eam
612 2553 643 2624 S.
665 2556 792 2622 Melania
814 2556 930 2638 accepit
941 2554 986 2641 ε).

311 2668 421 2751 ‘Ergo
442 2669 474 2732 in
501 2667 617 2747 codice,
645 2686 663 2732 e
691 2685 752 2748 quo
773 2666 920 2750 prologus
942 2666 1167 2748 compilabatur,
1198 2683 1250 2730 res
1281 2664 1351 2728 illae

250 2795 312 2842 non
334 2781 431 2844 minus
452 2781 491 2844 de
511 2781 614 2844 blarco
636 2787 774 2844 narratae
794 2797 864 2844 csse
885 2779 1034 2844 videntur.

337 2891 416 2965 Quid
437 2901 547 2972 antem,
569 2892 595 2954 si
616 2892 647 2954 in
666 2891 820 2954 codicibus
832 2889 1113 2955 vindobonensibus
1125 2889 1158 2952 in
1178 2887 1230 2952 illo
1251 2889 1351 2969 capite

236 3008 384 3073 ,erratum
416 3001 477 3064 sit?
535 2999 628 3080 Quid,
665 3001 693 3064 si
725 2999 817 3064 index
850 3001 918 3064 illes
961 2999 1024 3080 „De
1060 2998 1182 3064 narem
1220 2999 1350 3082 margini

252 3109 402 3190 ascriptus
423 3127 530 3191 reapse
552 3111 589 3174 ad
610 3111 704 3176 solam
725 3112 928 3196 prodigiosam
949 3113 1072 3176 Macarii
1091 3109 1290 3178 Alexandrini
1310 3109 1351 3176 do

250 3219 365 3300 Marco,
394 3222 444 3284 cui
465 3221 644 3286 oblationem
672 3223 798 3306 angelus
820 3223 947 3303 dederit,
975 3225 1178 3310 narrationem
1206 3222 1349 3304 pertinet,

251 3347 287 3392 ac
307 3329 422 3394 librarii
444 3332 510 3412 ipso
531 3331 590 3396 boc
611 3332 720 3412 indice,
742 3343 777 3398 ut
799 3342 849 3398 aut
870 3351 979 3398 nomen
1000 3331 1153 3418 μακάριος
1175 3335 1206 3396 in
1226 3330 1350 3417 μάρκος

251 3449 410 3522 mutarent,
438 3452 489 3508 aut
510 3442 579 3508 voci
604 3440 764 3526 μακάριος
792 3443 915 3508 alterum
944 3441 1066 3529 μάρκος
1099 3444 1258 3527 adderent,
1290 3443 1350 3510 ad-

251 3551 334 3617 ducti
354 3552 441 3617 suntt

248 3719 490 3734 μὴ..

277 3828 306 3895 1)
328 3833 430 3884 ...τοῦ
449 3829 579 3903 ἀοιδίμου
598 3837 643 3886 καὶ
663 3836 787 3906 ἐναρέτου
805 3835 914 3907 μάρκου
934 3875 940 3887 .
963 3875 970 3892 .
992 3845 1100 3904 uterque
1119 3833 1214 3889 codex.

273 3932 305 3996 2)
327 3927 390 3990 cod.
410 3949 457 3985 ms.
479 3933 560 3986 lbeol.
581 3950 668 4002 graec.
687 3935 731 3987 Nr.
755 3933 821 3998 stt,
842 3937 903 3988 olim
924 3938 980 3992 238
1001 3937 1083 3992 chari.

272 4034 303 4100 8)
325 4034 428 4086 Excusat
448 4037 554 4087 suntin
574 4037 659 4104 Magn.
680 4037 748 4090 tttbt.
769 4039 825 4092 ttv.
846 4038 896 4097 nt.
915 4039 997 4096 Pario.
1017 4038 1045 4096 Τ.
1064 4036 1101 4090 ΧΙ
1120 4051 1147 4104 p.
1166 4036 1232 4091 888.

274 4130 305 4201 4)
326 4134 356 4187 ln
376 4136 474 4188 codicis
495 4136 541 4194 iol.
562 4133 629 4201 247,
651 4140 678 4194 2.

273 4234 303 4301 5)
325 4233 364 4294 (tt.
383 4239 450 4290 infra
469 4239 654 4306 Appendicenr.

272 4335 303 4402 6)
325 4333 364 4395 Gi.
383 4353 462 4406 supra
481 4355 507 4406 p.
529 4339 564 4394 16
584 4345 637 4397 nol.
658 4341 684 4396 2.
