2990 4986
656 320 877 394 ..8-

217 523 291 588 inibi
311 522 446 589 babitare
468 521 628 586 affirmaret
645 519 686 605 ²).
729 521 777 586 En
792 521 912 585 interno
929 525 1043 584 tantum
1059 518 1194 600 martyrii
1212 533 1316 598 sensu,

218 633 270 712 qui
291 640 383 696 totam
403 632 576 714 Aegyptum
597 631 805 710 inflammabat,
828 649 868 694 ex
889 640 1012 712 aspectu
1038 629 1215 694 libidinosae
1241 649 1315 710 pau-

218 761 323 806 corum
345 760 531 824 paganorum
552 743 643 821 vitae,
665 759 705 804 ex
716 741 865 804 desiderio
888 749 1040 805 anteactae
1059 741 1138 804 vitae
1160 741 1316 804 severiore

218 853 373 932 disciplina
395 851 604 934 corrigendae,
626 870 645 912 e
666 869 773 914 senum
788 853 980 914 eremitarum
998 851 1174 928 constantia,
1197 850 1316 929 patien-

218 965 274 1042 tia,
304 963 483 1040 virtutibus,
514 962 665 1028 miraculis
699 962 757 1025 Dei
794 981 852 1044 ope
885 963 1023 1042 patratis,
1062 961 1191 1041 intelligi
1219 968 1317 1040 potest

217 1073 268 1134 ille
290 1089 455 1136 concursus
478 1072 516 1134 ad
545 1073 730 1136 monasteria
760 1074 898 1153 vitaeque
926 1073 1085 1150 severitas,
1117 1089 1193 1150 quae
1225 1071 1319 1133 nimia

217 1201 434 1264 saepenumero
457 1185 586 1264 cuipiam
606 1184 744 1246 videatur
766 1201 784 1246 e
813 1184 933 1265 vulgari
957 1201 1042 1246 more
1064 1181 1214 1261 modoque
1234 1182 1317 1246 iudi-

218 1296 308 1374 canti,
330 1303 419 1375 atquc
440 1295 551 1374 effecit,
584 1305 618 1360 ut
639 1304 770 1360 exeunte
788 1303 895 1374 quarto
917 1293 1038 1358 saeculo
1056 1294 1215 1376 Aegyptus
1239 1311 1316 1354 cun-

217 1407 275 1470 ctis
296 1405 388 1468 terris
409 1404 567 1486 religionis
588 1404 683 1468 facem
706 1404 891 1484 praetulerit
914 1403 1114 1484 Hieronymus
1134 1403 1316 1482 ellalmatia,

218 1517 343 1580 Rufinus
360 1535 399 1578 ex
417 1516 510 1595 ltalia,
532 1515 681 1596 Sulpicius
692 1517 825 1580 Severus
838 1533 855 1577 e
866 1515 1006 1592 Massilia,
1019 1515 1169 1598 Euagrius
1182 1532 1199 1576 e
1210 1515 1317 1590 Ponto,

218 1627 365 1690 Palladius
386 1646 404 1688 e
423 1625 689 1708 Constantinopoli,
710 1627 869 1690 Cassianus
891 1626 999 1706 aliique
1022 1645 1039 1688 e
1061 1627 1234 1703 Palaestina,
1257 1641 1316 1686 no-

219 1735 294 1800 biles
317 1737 375 1798 viri
397 1745 428 1798 et
455 1735 582 1799 feminae
597 1735 630 1820 ²]
653 1757 671 1800 e
696 1737 789 1800 Roma
805 1736 979 1818 Aegyptum
1001 1745 1117 1815 petunt,
1139 1743 1173 1798 ut
1195 1744 1316 1815 aspectu

220 1853 251 1908 et
272 1847 489 1910 consuetudine
518 1867 623 1911 senum
652 1847 768 1911 fructus
795 1847 918 1928 spiritus
952 1848 1045 1912 sancti
1078 1847 1134 1911 sibi
1164 1846 1314 1928 colligant.

218 1955 269 2020 Ad
289 1957 420 2022 Francos
436 1956 468 2042 Ι)
490 1977 587 2040 usque
615 1968 646 2024 et
668 1956 802 2042 lnd0s⁴)
823 1958 900 2022 lama
930 1959 1135 2036 curationum,
1167 1976 1240 2038 quas
1261 1975 1316 2038 per

219 2085 309 2132 senes
337 2066 418 2130 Deus
447 2069 610 2148 efficiebat,
643 2071 820 2149 penetravit.
874 2068 1032 2150 Aegyptus
1065 2087 1158 2130 unum
1192 2085 1316 2132 monas-

218 2179 339 2256 terium,
375 2181 460 2242 cuius
487 2179 564 2242 filiae
590 2188 692 2244 essent
714 2179 800 2261 Syria
828 2187 859 2242 et
880 2179 1046 2240 Palaestina
1059 2175 1101 2260 ⁵),
1136 2196 1204 2240 esse
1226 2179 1315 2241 vide-

217 2289 317 2352 batur.
361 2290 453 2354 'lanta
474 2292 553 2354 inter
575 2309 678 2356 omnes
707 2292 775 2354 illos
808 2291 971 2354 monachos
998 2289 1152 2370 disciplina
1183 2291 1315 2372 vigebat,

218 2405 338 2478 tamque
364 2401 440 2462 mire
469 2402 604 2480 quemvis
632 2401 769 2464 trahebat
800 2403 954 2466 seniorum
983 2400 1168 2479 exemplum,
1194 2411 1228 2464 ut
1255 2401 1314 2463 duo

218 2509 370 2587 iuvenes,
391 2517 517 2592 aegroto
539 2513 683 2576 eremitae
704 2512 778 2574 licus
807 2513 918 2592 aliquot
940 2511 1101 2590 deportare
1123 2511 1214 2588 iussi,
1247 2528 1314 2572 cum

218 2639 235 2681 a
256 2621 305 2682 via
327 2621 529 2702 aberrassent,
551 2629 621 2702 post
641 2621 801 2684 nonnullos
813 2622 877 2686 dies
892 2621 1024 2685 defuncti
1044 2621 1123 2684 fame
1143 2621 1313 2682 inveniren-

217 2740 267 2796 tur
296 2731 328 2796 in
350 2731 490 2811 deserto,
522 2731 642 2796 intactis
670 2731 797 2811 ficubus,
833 2749 906 2814 quas
935 2740 1061 2814 aegroto
1083 2731 1223 2796 tradituri
1244 2729 1314 2794 lue-

240 3039 275 3106 ¹1)
295 3040 348 3094 VV.
362 3038 412 3090 ΡΙ).
429 3039 517 3094 Hosw.
533 3037 578 3094 lib.
590 3041 626 3101 ΙΙ,
648 3039 681 3102 5;
702 3038 851 3104 Parnassus,
873 3037 939 3108 Opp.
960 3041 1065 3092 bleursii
1087 3041 1113 3098 T.
1125 3040 1187 3091 vili
1206 3057 1232 3108 p.
1243 3037 1312 3106 6423

295 3126 376 3180 Godd.
406 3125 536 3178 Vindobb.
560 3126 626 3178 Hist.
649 3127 725 3183 Laus.
758 3127 791 3183 el.
814 3127 1004 3194 Appendicem3
1034 3129 1103 3184 edita
1129 3144 1193 3182 vero
1222 3145 1312 3182 exem-

292 3215 376 3282 plaria
409 3213 547 3266 'Historiae
573 3215 649 3272 Laus.
686 3217 719 3267 de
750 3215 926 3282 Oxyrhyncho
958 3219 1064 3269 civitate
1097 3217 1161 3268 nibil
1200 3227 1312 3274 narrant.

291 3303 331 3354 De
359 3305 521 3355 monasteriis
542 3306 653 3357 civitatis
672 3305 778 3356 Antinoi
798 3305 826 3356 in
846 3304 978 3359 Thebaide
998 3307 1063 3358 sitae
1084 3306 1150 3362 Hist.
1170 3306 1248 3358 Laus.
1270 3305 1311 3361 ed.

292 3391 386 3442 bieurs.
409 3407 466 3458 cap.
486 3391 533 3447 96.

242 3477 272 3548 2)
292 3478 410 3542 Fabiola,
432 3479 520 3542 Paula,
543 3479 672 3544 Marcella,
693 3481 768 3544 aliae,
789 3497 894 3548 quarum
914 3483 980 3533 vitas
994 3482 1165 3547 Hieronymus
1185 3483 1310 3549 pulcbcr-

290 3569 354 3618 rime
375 3567 567 3633 epistolissuis
588 3569 734 3636 descripsit.
757 3567 824 3635 Opp.
847 3569 917 3625 Hier.
938 3569 979 3626 ed.
1001 3571 1089 3637 bligne
1109 3570 1136 3622 Τ.
1158 3573 1179 3627 I.

241 3656 271 3721 3)
290 3657 355 3708 Vita
376 3657 515 3708 Hilarionis
536 3674 593 3726 cap.
617 3661 658 3715 17.
699 3657 760 3714 VV.
781 3657 829 3714 PP.
850 3657 939 3714 Rosw.
959 3674 985 3724 p.
1010 3659 1055 3715 79.
1140 3677 1142 3690 ·

240 3744 269 3814 4)
289 3747 349 3797 Vita
377 3745 493 3797 Barlaam
519 3733 640 3798 eremitae
668 3763 683 3798 a
712 3745 813 3798 Joannc
841 3745 1000 3800 Damascene
1031 3748 1177 3813 conscripta
1206 3763 1262 3816 cap.
1286 3751 1310 3806 1.

289 3835 344 3890 VV.
367 3833 415 3890 PP.
437 3835 524 3892 llosw.
545 3851 569 3902 p.
591 3832 656 3900 243,
681 3839 705 3891 1.

238 3921 266 3993 5)
288 3925 405 3976 Hilarion
426 3926 458 3992 [Ι
478 3926 557 3992 371),
577 3925 683 3977 Antonii
705 3924 858 3990 discipulus,
879 3926 960 3991 prima
981 3925 1143 3982 Palaestinae
1171 3935 1198 3978 ot
1218 3927 1310 3992 Syriae

287 4015 441 4066 monasteria
461 4015 595 4070 exstruxit.
636 4013 773 4070 „Habebat
793 4014 917 4066 Dominus
937 4014 1013 4066 lesus
1033 4017 1060 4066 in
1078 4015 1200 4083 Aegypto
1222 4030 1309 4066 senem

289 4101 437 4165 Antonium,
458 4102 570 4153 babebat
590 4103 615 4150 in
638 4100 784 4154 Palaestina
805 4102 963 4155 Hilarionern
983 4105 1138 4160 iuniorcm“.
1179 4105 1238 4156 Vita
1259 4104 1308 4154 Hi·

287 4188 378 4246 lariou.
399 4207 454 4256 cap.
478 4191 521 4258 to,
543 4189 596 4244 VV.
617 4188 665 4245 PP.
686 4190 774 4246 Hosw.
794 4207 819 4258 p.
834 4192 879 4256 78,
903 4198 927 4246 l.
969 4193 1007 4246 Dc
1035 4193 1172 4247 Hilarione
1191 4195 1225 4251 ci.
1246 4194 1306 4247 Soa.

288 4277 348 4334 bist.
368 4277 432 4335 ecel.
453 4281 502 4343 ΙΙΙ,
527 4275 561 4332 14
582 4278 624 4334 cd.
645 4279 743 4332 Valesii
763 4295 789 4347 p.
812 4281 868 4334 519
889 4297 944 4351 sqq.
965 4290 992 4333 ct
1011 4282 1078 4349 Epp.
1100 4283 1207 4340 Hieron.
