2974 4964
621 306 864 380 ...71-

191 503 354 591 Undenam,
382 505 532 587 inquiunt,
565 505 653 570 nob'm
682 505 832 570 adduxisti
862 507 943 570 hunc
970 499 1122 572 homiaem
1151 517 1291 590 tanquam

191 617 259 680 sine
281 633 375 680 carne
396 616 559 699 degentem
581 613 617 678 ad
639 623 772 678 nostram
795 613 1098 684 condemnationem?
1136 614 1198 682 Aut
1220 636 1290 682 eum

188 726 259 790 hinc
280 728 368 807 eiice,
390 735 441 792 aut
461 728 540 790 bene
561 727 648 804 scito,
670 743 726 790 nos
749 743 853 789 omnes
875 726 945 789 hinc
973 727 1063 790 hodie
1090 745 1159 792 esse
1181 745 1289 792 reces-

187 853 287 902 suros.
332 839 417 914 Ouae
437 855 528 919 quum
554 836 731 900 Pachomius
759 855 887 920 magnus
918 857 938 900 a
963 835 1106 902 iratribus
1134 838 1288 921 audiisset,

187 947 359 1012 sciscitatus
381 957 427 1014 est
448 948 487 1012 de
508 965 556 1011 eo.
600 948 639 1010 Et
661 963 752 1028 quum
775 947 928 1012 didicisset
949 949 1014 1012 eius
1042 950 1122 1012 vitae
1141 950 1287 1029 instituta,

186 1055 284 1120 Deum
307 1061 415 1140 oravit,
443 1069 486 1138 ut,
515 1059 580 1140 quis
602 1066 694 1140 esset,
716 1059 773 1122 sibi
801 1060 1001 1124 revelaretur.
1044 1059 1219 1123 Revelatum
1241 1069 1288 1124 est

187 1169 229 1247 ei,
251 1170 413 1233 Macarium
434 1169 611 1232 monachum
633 1185 711 1232 esse.
756 1167 832 1232 Tum
864 1169 1003 1232 dominus
1024 1169 1199 1233 Pachomius
1221 1171 1287 1234 eius

186 1299 306 1344 manum
327 1280 486 1362 prehendit
506 1298 635 1360 eumque
660 1279 744 1352 toras
773 1280 877 1344 eduxit
883 1299 893 1356 3
927 1288 1016 1360 atque
1045 1299 1137 1362 quum
1166 1281 1197 1344 in
1227 1281 1286 1344 do·

185 1411 266 1455 mum
293 1393 428 1472 oratorii,
461 1391 514 1454 ubi
542 1401 589 1456 est
620 1391 724 1470 altere,
756 1409 826 1454 eum
855 1391 1030 1456 deduxisset
1072 1391 1287 1474 amplexusque

183 1511 282 1568 esset:
304 1503 400 1583 Tune,
421 1503 471 1578 ait,
495 1520 529 1568 es
552 1503 724 1568 venerande
746 1501 857 1569 senen!
902 1501 947 1566 'lu
969 1519 1003 1566 es
1024 1501 1174 1566 Macarius
1195 1501 1285 1582 idque

183 1613 299 1694 celasti,
319 1631 378 1680 nec
399 1613 470 1676 mihi
491 1611 701 1688 manifestasti!
732 1611 779 1676 lix
792 1612 892 1676 multis
904 1611 989 1676 annis
1011 1611 1092 1694 cupii
1114 1619 1145 1675 te
1166 1611 1285 1691 videre,

182 1741 275 1804 quum
303 1723 342 1787 de
375 1731 407 1788 te
436 1723 583 1787 audirent
635 1723 740 1788 Habeo
769 1723 823 1788 tibi
852 1724 974 1806 gratias,
1014 1721 1095 1804 quod
1124 1721 1284 1803 subegeris

180 1834 260 1900 lilios
289 1851 384 1913 meos,
413 1852 453 1897 ne
480 1834 540 1900 alte
568 1835 698 1900 sentiant
719 1835 759 1898 da
784 1835 1002 1898 exercitatione
1022 1849 1087 1898 sua.
1130 1833 1217 1916 Rogo
1241 1839 1283 1910 te,

182 1944 296 2008 recede
315 1944 347 2006 in
367 1944 467 2008 locum
489 1951 591 2020 tuum3
619 1961 675 2008 nos
702 1946 782 2011 enim
810 1947 882 2010 satis
910 1945 1089 2020 aedificasti3
1118 1954 1208 2024 atque
1228 1960 1284 2006 ora

182 2054 356 2134 pronubis.
379 2053 494 2118 Deinde
516 2055 552 2118 ab
575 2073 612 2118 eo
634 2065 771 2138 rogatus,
801 2057 972 2138 petentibus
993 2073 1115 2137 quoque
1144 2053 1282 2116 omnibus

179 2162 334 2245 fratribus,
355 2166 495 2228 recessit
539 2166 656 2231 Rursus
671 2167 743 2230 alias
766 2167 815 2232 hio
837 2161 884 2230 vir
905 2166 1076 2248 impatibilis
1098 2165 1186 2230 nobis
1207 2181 1282 2226 nar-

178 2275 271 2344 ravit:
295 2275 399 2358 Omne,
421 2277 528 2357 inquit,
550 2279 630 2342 vitae
652 2279 846 2342 monachicae
867 2279 1046 2356 institutum,
1075 2276 1157 2357 quod
1185 2291 1280 2356 expe-

177 2385 287 2466 tebam,
315 2396 466 2470 expertus
481 2389 526 2452 ad¹
541 2388 620 2454 aliud
648 2390 769 2452 tandem
797 2391 951 2470 spirituale
979 2381 1167 2452 desiderium¹
1198 2384 1279 2448 veni.

176 2495 273 2562 Statui
294 2498 374 2560 enim
396 2499 433 2568 ad
453 2499 514 2563 tale
534 2517 661 2588 operum
682 2483 867 2565 desiderium
888 2499 1044 2562 accedere.
1088 2495 1195 2570 Volui,
1229 2493 1280 2554 in-

178 2607 255 2687 quit,
277 2609 410 2688 quinque
431 2609 497 2670 dies
524 2608 618 2672 solam
647 2618 778 2674 mentem
807 2627 903 2672 meam
925 2607 1055 2671 reddere
1075 2605 1177 2668 alteo
1198 2603 1280 2666 indi-

178 2716 311 2798 viduam,
339 2735 438 2798 neque
466 2717 546 2793 aliud
575 2717 735 2798 quidquam
764 2723 885 2783 omnino
915 2719 1062 2800 cogitare,
1094 2716 1148 2780 sed
1171 2715 1201 2777 ei
1222 2713 1279 2778 soli

176 2826 355 2896 adhaerere.
399 2826 487 2902 Quod
515 2845 608 2908 quum
636 2829 714 2910 apud
743 2848 792 2892 me
828 2830 1009 2907 statuissem,
1045 2825 1150 2889 cellam
1179 2843 1277 2888 meam

176 2947 266 3020 atque
287 2938 480 3002 extrinsecus
500 2938 597 3002 aulam
619 2939 724 3018 clausi,
757 2947 791 3002 ut
812 2939 886 3004 nulli
906 2938 1077 3002 advenienti
1098 2953 1277 3016 responsum

175 3048 289 3114 darem
322 3048 369 3114 Ac
390 3049 460 3114 steti
480 3049 627 3130 incipiens
649 3067 667 3112 a
688 3049 831 3130 secunda,
860 3050 952 3113 menti
973 3067 1058 3112 meae
1079 3047 1276 3128 praecipiens,

175 3168 208 3227 et
228 3161 348 3225 dicens:
370 3161 446 3224 Vide
467 3179 506 3224 ne
528 3161 694 3255 descendas
717 3180 735 3224 e
755 3161 864 3237 caelis3
897 3162 939 3224 ibi
969 3161 1094 3246 angelos
1124 3159 1216 3222 habes
1245 3163 1276 3222 et

174 3271 383 3354 archangelos,
403 3287 550 3352 supernas
571 3281 745 3354 potestates,
767 3272 928 3336 Cherubim
950 3269 1158 3350 acseraphim,
1179 3269 1275 3330 Deum

174 3383 283 3446 horam
316 3384 448 3447 omnium
475 3383 659 3452 effectorem.
714 3384 780 3447 lllic
810 3399 945 3446 versare.
996 3381 1042 3446 Ne
1071 3379 1127 3444 sub
1160 3376 1275 3440 caelum

173 3493 356 3570 descendas3
384 3511 423 3558 ne
443 3493 559 3558 incidas
587 3495 619 3558 in
641 3493 805 3558 mundanas
826 3493 1035 3575 cogitationes.
1077 3489 1139 3571 Sic,
1167 3489 1275 3570 inquit,

171 3622 263 3685 quum
284 3606 402 3670 duobus
424 3605 531 3670 diebus
553 3623 588 3668 ac
618 3605 738 3671 duabus
770 3603 911 3666 noctibus
943 3619 1201 3683 perseverassem,
1233 3599 1274 3662 ita

170 3715 348 3780 daemonem
367 3715 494 3795 irritavi,
514 3724 548 3780 ut
560 3714 677 3778 llamma
698 3712 885 3796 ignislieret,
908 3711 1044 3792 mihique
1061 3711 1173 3791 omnia,
1196 3728 1273 3791 quae

169 3827 202 3892 in
241 3826 349 3890 cellula
382 3834 480 3905 erant,
512 3826 716 3906 combureret,
749 3824 792 3888 ita
823 3833 856 3888 ut
885 3823 974 3886 etiam
1003 3831 1116 3901 storea,
1149 3822 1182 3883 in
1213 3837 1271 3902 qua
1396 3875 1402 3882 .

168 3937 297 4016 stabam,
319 3943 575 4016 concremaretur,
598 3943 630 3999 et
649 3935 695 3999 sic
716 3953 766 4000 me
787 3949 908 4016 quoque
936 3943 1032 3999 totum
1053 3932 1140 3997 aduri
1161 3931 1271 3995 existi·

168 4065 292 4115 marem.
336 4047 525 4112 Postremum
544 4049 654 4112 timore
675 4046 801 4113 allectus
832 4045 924 4112 tertio
944 4044 994 4112 dia
1023 4041 1125 4106 destiti
1153 4041 1190 4104 alr
1211 4041 1270 4106 hoc

168 4159 324 4240 proposito
346 4177 414 4222 meo
440 4167 538 4240 atque,
559 4134 651 4240 quum
673 4167 804 4226 mentem
826 4174 922 4220 meam
943 4153 1069 4234 amplius
1090 4152 1269 4218 indivulsam

167 4275 276 4334 tenere
296 4285 358 4336 non
380 4287 511 4359 possem,
533 4269 678 4337 descendi
699 4269 731 4336 in
753 4267 1033 4348 contemplationem
1046 4265 1135 4330 huius
1156 4265 1267 4344 mundi,
1333 4321 1335 4328 .
