2974 4964
561 379 920 474 ·-1ee-'

170 619 321 698 aestatis,
355 609 648 700 neonovigantiltus
672 629 794 694 semper
820 614 969 678 ineertmn
991 631 1074 678 maro
1097 589 1146 700 pia
1168 619 1261 685 losti-

169 726 294 790 natione
308 719 462 809 gradienti
493 716 643 782 valuisset
664 717 830 782 obsistere.
885 717 1001 784 Credas
1031 719 1121 802 mihi,
1155 720 1261 803 irater,

170 851 232 896 non
254 831 499 912 sietempestate
512 827 642 890 iaotatus
663 829 784 908 portum
807 832 899 892 nauta
922 835 1111 912 prospectat,
1132 851 1194 897 non
1216 837 1262 898 eie

170 941 305 1005 sitientia
325 937 439 1002 imbres
458 953 528 999 arva
541 933 727 1013 desiderant,
749 953 807 998 neo
829 937 875 999 sie
892 953 986 1001 ourvo
1003 940 1145 1007 assidens
1168 942 1263 1020 littori

171 1051 261 1114 anxia
273 1045 366 1111 tilium
387 1042 787 1126 mater'·exspeotat“¹).lbi
809 1043 987 1110 alterutrum
1005 1066 1045 1110 ex
1066 1051 1181 1114 nostris
1194 1052 1263 1114 lla-

174 1161 288 1238 eariis,
316 1161 348 1220 et
370 1153 512 1218 fortassis
535 1151 653 1233 quidem
675 1149 925 1232 Alexandrinum,
948 1153 998 1234 qui
1020 1173 1116 1238 prope
1138 1157 1266 1248 Nitrinm
1377 1179 1386 1194 .

173 1267 203 1327 in
227 1278 331 1326 eremo
355 1257 534 1324 cellularum
555 1259 649 1334 vixit,
691 1256 819 1342 intelligi
840 1259 871 1321 in
895 1267 1002 1343 aperto
1026 1267 1085 1328 est.
1130 1265 1264 1330 Rufinum

173 1391 249 1435 vero
276 1371 357 1433 oiroa
379 1368 506 1432 Nitriem
542 1377 610 1430 ou'm
632 1365 758 1461 duobus
782 1367 924 1432 llaoariis
958 1383 1160 1454 congressum
1193 1393 1265 1438 osse

175 1479 399 1568 persecutionis
423 1473 674 1555 aLuoiotaotae
698 1477 845 1558 tempore,
870 1494 930 1558 quo
953 1477 1083 1560 epistola
1094 1479 1266 1565 Hieronymi

174 1589 289 1672 scripta
312 1591 374 1665 est,
395 1585 453 1647 iam
477 1601 495 1645 e
517 1582 614 1648 Rufini
637 1580 871 1646 continuatione
893 1581 1130 1664 percepimus‘).

261 1695 358 1760 Porro
380 1692 529 1758 laudanda
552 1696 603 1755 est
619 1689 751 1774 epistola
775 1691 829 1769 22,
855 1689 894 1753 de
917 1690 1118 1768 eustodiendo
1139 1695 1285 1779 virgini-x

79 1836 87 1852 ι
173 1783 248 1868 nate
272 1801 310 1866 ad
332 1798 529 1865 Eustachium
551 1798 715 1882 virginem,
740 1795 850 1861 Paulae
872 1780 1079 1872 nobilissimae
1101 1797 1180 1882 apud
1202 1799 1267 1862 lto-

91 1907 95 1912 '
178 1927 286 1974 manos
310 1912 469 1970 matronae
483 1901 592 1981 tiliam,
615 1911 694 1966 anno
719 1904 783 1969 384
807 1903 930 1985 scripta.
963 1902 1037 1973 Eam
1057 1904 1136 1966 enim
1159 1903 1268 1967 admo-

157 2022 267 2094 nens,
290 2019 325 2076 ut
335 1997 490 2075 avaritiam
501 2011 587 2090 vitot,
597 2009 797 2092 Hieronymus
810 2007 904 2073 addit:
930 2007 1268 2093 „Quidnntononplu-

179 2135 232 2189 res
255 2132 353 2180 annos
366 2116 482 2180 Nitriae
503 2120 625 2201 gestum
648 2114 890 2196 sitreleremua.
913 2115 1103 2192 Quidamssex
1124 2117 1269 2184 moninus

174 2224 297 2305 parcior
317 2224 414 2307 magis
442 2239 534 2304 quam
556 2224 695 2301 avarior,
730 2227 763 2286 et
784 2223 1079 2308 nesciens'triginte
1113 2219 1268 2308 argenteis
1362 2247 1365 2252 ,

133 2396 138 2410 Ι
172 2329 332 2391 Dominum
353 2328 517 2408 venditum,
540 2335 666 2394 eentum
678 2328 806 2409 solidos,
829 2345 906 2412 quos
930 2327 1138 2392 linotexendo
1161 2331 1269 2410 aequi-

165 2425 279 2516 'steret
292 2438 429 2502 moriens
439 2427 609 2519 dereliquit.
634 2438 743 2502 initum
756 2442 900 2502 estinter
922 2438 1088 2502 monachos
1112 2438 1270 2504 eonsilium
1382 2437 1385 2448 '

178 2548 350 2610 -namin
374 2545 483 2609 eodem
504 2545 575 2609 loeo
591 2535 713 2609 oiroiter
732 2547 861 2627 quintpue
872 2543 962 2609 nlla
971 2545 1076 2609 divisis
1087 2545 1272 2610 cellulis-ha·
1330 2545 1333 2556 '

174 2649 437 2734 litabant-quid
459 2649 542 2716 iacto
564 2665 642 2732 opas
665 2656 761 2714 esset.
794 2649 855 2714 Alii
876 2651 1059 2734 pauperibus
1082 2651 1270 2722 distribuen-

105 2781 110 2786 ·
174 2754 233 2818 dos
256 2745 330 2818 e'sse
352 2753 504 2836 dicebant,
526 2753 715 2826 elidendos
737 2756 907 2837 eeclesiae,
935 2755 1073 2822 nonnulli
1093 2741 1270 2842 parentius
1332 2753 1348 2764 ‘

177 2864 389 2936 remittendos.
433 2867 585 2929 llaoarius
608 2882 685 2928 vero
708 2871 741 2929 et
762 2865 875 2930 Panno
898 2873 931 2931 et
952 2865 1087 2933 Isidorus
1110 2874 1143 2932 et
1164 2871 1269 2950 ceteri,

175 2987 254 3054 quos
276 2971 384 3036 Patres
407 2977 533 3052 vocant,
562 2976 672 3036 saneto
694 2973 725 3035 in
748 2974 794 3036 eis
818 2969 964 3055 loquente
984 2971 1098 3056 Spiritu
1120 2971 1271 3037 deereve-

176 3083 263 3159 runt·,
300 3076 492 3142 infodiendos
515 3093 589 3142 osse
612 3095 679 3141 oum
711 3077 833 3142 domiuo
861 3095 918 3142 suo
948 3077 1107 3154 diemtest
1142 3063 1273 3143 Peounia

179 3189 233 3246 tua
253 3187 355 3248 tecum
379 3185 472 3248 sitin
494 3183 695 3266 perditionem
718 3183 897 3265 (Aet.v111‚
928 3185 992 3264 10).
1023 3184 1089 3250 Noe
1114 3183 1175 3250 hoo
1197 3203 1271 3249 oru-

178 3289 287 3359 deliter
314 3294 472 3375 posquam
504 3298 606 3392 putet,
626 3292 758 3358 laetum:
781 3300 885 3360 tentes
917 3300 1047 3360 cunetas
1077 3313 1134 3380 per
1175 3302 1272 3362 totam
1390 3272 1393 3278 ³
1459 3245 1463 3254 ¹

180 3398 354 3482 Aegyptum
376 3404 480 3464 terror
500 3401 627 3481 inuasit,
648 3406 795 3464 nrt-mun
818 3401 948 3465 solidum
969 3399 1124 3466 dimmim
1146 3401 1189 3465 sit
1209 3403 1273 3464 ori-
1299 3416 1306 3428 “

179 3497 335 3588 inmis“³).
390 3510 556 3574 llaearium
585 3507 824 3574 Alexandrinum
848 3509 1029 3574 cellularum
1059 3510 1273 3593 presbyterum

179 3613 229 3678 hio
250 3613 521 3700 intelligirpparot
544 3615 620 3678 Nam
644 3616 674 3680 in
689 3621 793 3681 monto
816 3615 932 3681 Nitriae
955 3615 1066 3678 Pambo
1083 3611 1272 3691 mutante,

179 3721 318 3788 Isidorus
342 3723 448 3789 oollam
470 3721 620 3802 habuit³).
676 3725 814 3808 Quinque
841 3723 1029 3790 veromillir
1055 3721 1272 3788 monachorum

179 3838 313 3896 montem
336 3833 417 3898 illurn
440 3832 632 3916 Gellulasque
659 3819 825 3899 incoluisse
839 3831 974 3918 'pariter
1007 3835 1155 3898 Palladius
1183 3838 1272 3896 retu-

200 4029 227 4100 l)
245 4034 315 4099 opp.
335 4037 450 4089 Hieron.
471 4040 511 4088 ed.
531 4040 551 4090 l.
570 4041 601 4091 r.
621 4041 634 4091 l
652 4053 679 4104 p.
698 4037 751 4093 3³2
769 4055 811 4105 sq.
936 4031 938 4046 '

196 4116 225 4185 2)
243 4119 286 4172 ci.
305 4135 394 4187 supra
412 4124 438 4188 5.
457 4125 473 4176 c
493 4140 518 4190 p.
541 4125 583 4180 ld.
601 4127 637 4180 oi.
659 4128 736 4182 inira
753 4129 780 4194 8.
799 4125 842 4180 tr.

110 4219 113 4228 “
197 4212 317 4278 ³)01rp.
338 4216 452 4268 Hieron.
473 4221 515 4270 ed.
534 4219 555 4271 l.
577 4221 607 4270 Τ.
627 4219 637 4270 l
658 4235 682 4283 p.
704 4218 756 4272 las
775 4235 816 4286 sq.

199 4296 231 4365 4)
245 4301 318 4354 illst.
338 4305 423 4356 haus.
442 4307 483 4358 od.
502 4309 605 4359 Meurs.
627 4319 687 4374 cap.
713 4307 743 4362 li
763 4311 831 4374 opp.
852 4307 1017 4361 Messall:
1036 4321 1060 4370 p.
1079 4303 1140 4360 373.

197 4389 230 4454 ὃ)
250 4391 318 4442 laid.
338 4405 400 4458 oap.
424 4397 435 4446 i
458 4411 482 4460 p.
503 4395 562 4450 als.
