2990 4986
575 342 820 415 ...35-

145 543 234 604 Liber
255 551 379 623 quartus
400 541 630 606 liosweidianae
651 542 835 607 collectionis
858 560 949 623 supra
970 540 1047 606 baud
1072 547 1246 609 nominaba-

145 663 204 731 tur,
235 653 316 732 quod
346 671 406 716 non
436 654 494 715 nisi
524 653 677 732 excerptis
699 652 817 732 Sulpitii
838 652 944 716 Severi
966 665 996 718 et
1018 653 1149 717 Cassiani
1170 655 1246 720 locis

145 771 273 841 constat,
295 764 346 843 qui
370 763 477 824 melius
499 764 530 824 in
552 763 648 841 plenis
671 781 777 826 eorum
799 764 883 826 libris
906 764 1050 846 leguntur
1078 775 1109 828 et
1131 767 1167 827 ad
1189 783 1246 829 su-

144 875 297 952 periorum
320 874 502 952 scriptorum
524 873 651 935 classem
674 874 832 951 pertinent.
858 874 962 954 Neque
985 875 1126 956 Sulpitius
1149 876 1247 936 Seve-

144 1001 197 1046 rus
217 983 254 1044 de
263 983 402 1045 Macariis
421 1001 565 1062 expresse
585 983 700 1062 uspiam
716 982 858 1062 loquitur.
881 984 973 1046 Libro
992 1003 1073 1048 nono
1088 993 1117 1048 et
1130 985 1246 1048 decimo

144 1092 208 1154 VV.
227 1093 280 1154 ΡΡ.
296 1092 523 1155 Rosweidianac
550 1091 738 1153 collectionis
761 1093 833 1154 nihil
851 1093 888 1154 de
906 1094 1044 1156 blacariis
1066 1097 1246 1160 continetur.

144 1202 207 1264 lam
229 1220 315 1280 vero,
337 1203 416 1282 quod
428 1202 463 1263 ad
486 1201 596 1263 librum
619 1191 741 1265 tertium
755 1211 786 1264 et
801 1205 961 1284 septimum
973 1206 1089 1281 attinet,
1112 1208 1248 1270 animad-

144 1313 322 1376 vertendum
346 1323 402 1404 est,
425 1330 530 1374 omnes
552 1313 649 1391 locos,
681 1313 784 1394 quiin
807 1315 933 1392 septimo
955 1315 1099 1396 leguntur
1122 1317 1159 1378 de
1181 1317 1248 1380 bla-

143 1425 239 1500 cario,
261 1424 287 1485 si
309 1424 413 1485 eadem
437 1424 570 1487 narratio
593 1424 625 1484 in
646 1424 736 1486 tertio
749 1441 869 1503 quoque
884 1425 1045 1504 reperitur,
1068 1444 1136 1487 cum
1159 1427 1247 1492 huius

142 1534 213 1596 libri
242 1534 390 1598 relatione
419 1551 514 1614 prope
544 1535 581 1596 ad
603 1535 731 1596 verbum
761 1536 942 1597 consentire.
996 1536 1080 1598 Unde
1109 1536 1248 1618 efficitur,

143 1645 323 1709 alterutrum
345 1647 544 1724 interpretum
566 1646 597 1706 in
619 1644 697 1708 libro
719 1645 939 1708 conscribendo
962 1664 1023 1708 11011
1049 1647 1146 1710 solum
1168 1666 1249 1712 eun-

143 1757 213 1818 dem
236 1775 381 1838 graecum
404 1763 531 1835 textum,
554 1757 719 1819 sedetiam
742 1757 865 1820 alterius
887 1758 1058 1820 versionem
1083 1759 1121 1819 ad
1143 1777 1248 1822 manus

142 1867 297 1930 babuisse.
343 1869 457 1928 Verum
488 1869 568 1930 inter
597 1867 706 1928 librum
729 1868 850 1930 tertium
872 1875 902 1928 et
921 1869 1056 1946 quintum
1078 1886 1113 1929 ea
1135 1876 1248 1930 tantum

143 1977 308 2040 similitudo
330 1977 501 2054 intercedit,
524 1986 557 2040 ut
578 1977 610 2038 in
632 1977 854 2040 narrationibus
877 1977 914 2038 de
936 1977 1085 2055 Macariis,
1118 1995 1195 2057 quae
1217 1978 1248 2038 in

143 2096 276 2166 utroque
298 2087 451 2169 leguntur,
473 2087 704 2150 concinnatores
727 2087 833 2149 eodem
850 2105 963 2167 graeco
986 2096 1070 2150 textu
1092 2105 1164 2150 usos
1180 2103 1249 2149 esse

140 2197 234 2260 statui
256 2206 403 2276 oporteat.
448 2197 535 2271 Quod
557 2197 637 2258 idem
659 2197 697 2258 de
720 2215 801 2259 nexu
823 2198 903 2258 inter
935 2205 1053 2259 sextum
1076 2205 1106 2258 et
1128 2198 1248 2260 tertium

140 2306 253 2368 librum
276 2307 366 2385 valet,
388 2307 446 2369 hoc
468 2306 534 2370 solo
558 2307 742 2386 discrimine,
771 2307 852 2386 quod
874 2325 933 2368 una
955 2306 993 2368 de
1015 2306 1153 2368 blacariis
1175 2323 1250 2366 nar-

142 2417 312 2480 ratiuncula
341 2419 372 2479 in
399 2427 530 2497 utroque
559 2417 666 2480 iisdem
694 2419 796 2479 verbis
825 2418 942 2480 reddita
970 2426 1026 2479 est.
1078 2415 1251 2478 Sententiae

143 2528 276 2607 denique
298 2535 416 2607 patrum
437 2529 659 2608 Aegyptiorum
692 2546 710 2588 a
731 2528 892 2588 llosweido
922 2529 953 2587 in
982 2527 1041 2587 fine
1063 2523 1251 2586 collectionis

143 2637 244 2698 editae
267 2638 446 2714 paucissima
468 2637 622 2700 dumtaxat
642 2638 673 2698 in
695 2646 830 2698 nostram
851 2653 917 2697 rem
939 2634 1181 2714 suppeditabunt.

234 2768 266 2847 3.
293 2768 343 2829 11.
388 2765 448 2829 Sed
470 2767 509 2829 ad
530 2767 630 2830 fontes
659 2767 859 2830 aliosweido
888 2767 984 2830 editos
1013 2767 1063 2828 alii
1093 2767 1253 2830 accedunt.¹

142 2876 229 2938 lnter
251 2895 329 2957 quos
350 2878 448 2956 primo
470 2877 538 2939 loco
550 2878 728 2939 nominanda
745 2877 887 2939 videntur
907 2877 957 2937 illa
970 2871 1250 2957 Apoplatbepmatc

140 2987 287 3064 petram,
309 3004 387 3066 quae
409 2985 486 3064 apud
497 2986 679 3048 Cotelerium
693 2986 774 3048 Mon.
786 2985 868 3048 Eccl.
881 2985 986 3047 Graec.
1000 2985 1034 3048 Τ.
1043 2986 1056 3047 1
1066 3005 1094 3064 p.
1107 2985 1171 3048 338
1183 3004 1239 3066 sqq

141 3100 304 3174 habentur,
331 3096 519 3176 alphabetico
542 3096 649 3158 ordine
671 3096 797 3177 digesta.
843 3096 929 3168 Quod
952 3096 1140 3173 opusculum,
1163 3097 1249 3158 cuius

140 3209 273 3286 primam
296 3208 478 3268 mentionem
499 3206 584 3269 Sacc.
602 3206 657 3270 Xll
680 3206 787 3268 factam
809 3222 877 3266 esse
899 3205 1021 3267 invenio
1035 3203 1077 3287 ¹),
1100 3207 1140 3266 ita
1162 3221 1249 3265 com-

141 3318 276 3398 positum
305 3325 367 3394 est,
402 3328 436 3378 ut
468 3318 661 3398 singulorum
692 3323 810 3396 patrum
844 3316 1013 3376 nominibus
1050 3315 1250 3390 narrationes,

141 3446 224 3507 quae
253 3426 291 3488 de
319 3427 356 3486 iis
385 3425 687 3502 circumferebantur,
717 3425 894 3486 subiunctae
927 3424 995 3489 sint.
1040 3423 1167 3485 Codices
1190 3403 1249 3503 ego

142 3537 283 3600 Viennae
300 3535 375 3598 duos
397 3537 525 3615 inspexi,
548 3553 639 3597 unum
662 3536 922 3596 membranaceum
944 3543 975 3596 et
997 3542 1204 3612 pervetustum
1215 3541 1249 3609 ²),

174 3829 203 3891 1)
225 3826 339 3882 Coteler.
360 3828 428 3882 1100.
449 3824 519 3880 Eccl.
542 3823 631 3880 Graec,
652 3821 680 3877 Τ.
703 3829 715 3878 1
736 3841 761 3892 p.
786 3825 839 3878 166
859 3840 916 3876 curn
937 3833 998 3876 nole
1010 3823 1135 3876 Cotelerii
1148 3838 1172 3888 p.
1195 3818 1247 3874 747

227 3912 265 3970 Gi.
287 3915 354 3966 infra
374 3915 440 3980 Cap.
462 3913 518 3968 vll.
1203 3967 1205 3974 ,

172 4019 204 4082 2)
227 4016 295 4070 God.
327 4032 371 4065 ms.
395 4015 455 4068 bist.
486 4030 572 4080 graec.
599 4013 667 4068 Bibl.
689 4011 763 4069 Caes.
785 4009 897 4068 Vindob.
916 4012 960 4067 Nr.
987 4010 1033 4075 44,
1066 4005 1181 4062 01111141
1204 4007 1250 4063 iol.

225 4105 447 4171 Apophthegrnata
468 4102 513 4153 illa
533 4111 622 4154 extant
642 4103 747 4158 01011
768 4116 849 4166 usquo
869 4099 901 4150 cd
920 4099 965 4154 iol.
989 4097 1052 4159 141,
1079 4099 1104 4151 2.
1126 4096 1250 4146 Godioem

225 4195 399 4257 maximopere
420 4191 535 4258 dignum,
564 4191 607 4257 qui
629 4205 684 4238 cum
705 4189 845 4254 exemplari
868 4187 992 4238 cotelerii
1013 4187 1169 4248 conteratur,
1201 4186 1250 4236 de-

225 4283 328 4348 scripsit
348 4281 499 4332 lambecius
521 4280 618 4334 Cornrn.
640 4277 666 4329 T.
689 4281 755 4330 Vlll
777 4295 802 4344 p.
823 4277 888 4332 838.

1018 4373 1059 4428 ὅθ

1473 4299 1477 4348 l
