2990 4986
595 337 840 410 ..ast-

170 541 289 604 Christo
312 539 536 600 consociatione
559 547 590 600 et
611 536 722 598 crebro
744 537 779 597 ad
798 536 862 598 eius
879 539 1019 617 mysteria
1035 555 1159 602 accessu
1183 539 1269 602 lalla-

170 654 234 714 ciae
257 652 434 714 daemonum
458 648 620 724 eliduntur,
649 647 874 728 quantomagis
903 649 1084 730 praestigiae
1105 649 1269 730 bominum,

169 763 278 841 quibus
301 763 428 824 daemon
451 760 510 821 vim
532 758 663 821 nocendi
684 757 862 838 suppeditat,
884 759 1043 823 diluentur.

257 871 288 951 §.
315 872 365 932 t4.
410 868 469 934 Sed
491 877 677 932 transeamus
699 869 735 930 ad
758 878 868 944 cetera,
895 886 970 948 qnae
993 869 1030 932 de
1051 869 1181 932 blacerio
1203 871 1269 934 Ae-

171 982 276 1063 gyptio
306 979 453 1042 Palladius
482 977 592 1041 retulit.
645 977 690 1039 De
719 977 858 1040 cuniculo
894 997 911 1040 a
939 977 1070 1041 Macerio
1104 989 1181 1057 acto,
1214 997 1270 1060 per

171 1112 272 1172 quem,
302 1095 328 1154 si
350 1092 402 1171 qui
422 1091 451 1152 ei
472 1089 591 1152 molesti
612 1095 710 1165 erant,
738 1089 768 1148 in
792 1087 963 1168 speluncam
986 1089 1094 1167 abibat,
1115 1091 1193 1170 apud
1215 1108 1270 1154 so-

172 1205 234 1268 lum
257 1201 416 1266 Palladium
439 1199 576 1281 legimus.
621 1199 666 1260 De
695 1206 814 1260 mortuo
837 1216 923 1276 vero,
949 1216 1038 1278 quem
1068 1201 1270 1279 resuscitavit,

172 1325 206 1379 ut
227 1314 379 1376 haeretico
401 1311 656 1373 resurrectionem
685 1326 845 1388 corporum
875 1310 1081 1388 persuaderet,
1111 1311 1188 1374 liber
1217 1329 1273 1375 se·-

171 1425 287 1490 cundus
300 1428 335 1499 ¹),
347 1421 506 1484 Cassianus
516 1425 555 1497 ι),
566 1437 624 1482 nec
634 1437 694 1481 non
708 1418 856 1498 appendix
870 1419 905 1480 ad
917 1419 1271 1502 Apopbtbegmata,quaa

171 1535 249 1615 lypis
272 1534 404 1596 nondum
426 1531 547 1612 uulgata
570 1538 628 1608 est,
650 1530 717 1592 fuse
738 1539 870 1592 narrant.
900 1531 1041 1592 Cassiano
1061 1531 1183 1611 quidem
1207 1549 1271 1594 rem

175 1645 417 1724 ,antiquissimus
440 1641 639 1703 anachoreta“
668 1639 814 1702 Nestoras
842 1640 991 1720 exposuit,
1024 1649 1057 1704 ιιι
1086 1641 1270 1720 ostenderet,

171 1765 272 1836 patres
295 1773 354 1816 non
377 1754 434 1816 nisi
456 1760 593 1816 extrema
615 1759 646 1814 et
668 1751 831 1814 inevitabili
847 1753 1026 1814 necessitate
1041 1760 1161 1815 coactos
1183 1751 1270 1833 sigua

172 1867 290 1930 recisse.
335 1864 380 1926 Ae
402 1863 546 1925 Nestcros
574 1863 758 1924 haereticum
788 1862 946 1942 appellavit
967 1863 1107 1948 Eunomii
1135 1870 1273 1924 sectato-

172 1995 253 2050 rem;
275 1975 352 2038 liber
374 1973 524 2036 secundus
548 1973 760 2050 „Hieracitam
782 1973 862 2052 quod
881 1991 977 2054 genus
1000 1974 1161 2034 haereseos
1182 1973 1274 2034 iave-
1377 1961 1383 1966 ’

174 2086 256 2148 nitur
279 2083 356 2162 apud
378 2083 571 2164 Aegyptum‘
593 2089 689 2144 vocat.
719 2082 858 2162 Eumque
879 2081 1058 2146 Hieracitam
1079 2081 1180 2156 fuisse,
1204 2083 1272 2161 quia

171 2195 429 2258 resurrectionem
464 2193 563 2254 carnis
593 2193 727 2274 negavit,
762 2194 946 2273 probabilius
979 2203 1036 2271 est,
1068 2193 1272 2272 Euocationis,

170 2313 275 2385 utpote
297 2295 480 2367 Afianorum
501 2303 635 2381 asseclis,
665 2304 703 2365 de
735 2305 868 2366 trinitate
890 2306 1061 2368 errantibus
1073 2311 1110 2383 ³).
1154 2307 1273 2369 Haere-

170 2419 258 2493 ricus,
281 2423 346 2477 arte
359 2415 515 2477 dialectica
535 2433 622 2493 usus,
645 2415 849 2479 sinceritatem
864 2416 933 2478 fidei
955 2416 1119 2478 catholicae
1141 2419 1273 2479 subver-

173 2536 241 2589 tere
262 2527 427 2588 conabatur
449 2533 479 2587 et
502 2543 662 2606 „magnam
684 2528 742 2586 iam
765 2528 982 2590 multitudinem
1005 2527 1157 2589 hominum
1179 2527 1274 2588 deee-

174 2638 293 2716 perat“‚
323 2643 357 2696 ut
380 2635 552 2711 Cassianus,
589 2652 665 2713 „per
692 2636 815 2698 multam
843 2637 984 2716 loquendi
1013 2645 1108 2699 artem
1130 2636 1274 2715 plurimos

175 2747 313 2823 fratrum,
345 2744 396 2824 qui
418 2743 589 2806 habitabant
617 2745 648 2805 in
672 2765 783 2821 eremo,
819 2747 1047 2828 conturbarem,
1068 2755 1101 2808 ut
1121 2746 1199 2808 liber
1220 2765 1274 2808 se·

174 2856 291 2918 cundus
307 2855 452 2933 perhibet.
498 2854 645 2918 Macarius
668 2859 770 2939 igitur,
793 2877 810 2920 a
832 2858 986 2920 catholicis
1009 2858 1091 2935 viris,
1113 2858 1164 2936 qui
1186 2857 1274 2918 ruina

173 2974 274 3028 tantae
296 2965 504 3026 subversionis
527 2967 706 3045 gravissime
730 2968 936 3044 movebantur,
965 2976 1100 3049 rogatus,
1130 2974 1164 3028 ιιι
1197 2969 1273 3028 sirn-

206 3205 230 3256 ll
252 3199 314 3265 Cap.
338 3201 374 3254 28
395 3217 420 3266 p.
440 3199 506 3265 480,
529 3206 554 3258 2.

204 3291 235 3352 Ω)
257 3287 323 3342 Gall.
347 3291 390 3340 XV
411 3305 468 3355 cap.
490 3291 570 3346 3.etl.
594 3291 610 3346 l.
631 3305 657 3356 p.
678 3287 742 3344 468.

202 3377 233 3440 3)
257 3378 396 3428 Eunomius
429 3394 538 3444 corpora
569 3389 743 3430 resurrectura
772 3395 830 3430 esse
861 3395 912 3430 non
942 3381 1060 3446 negarim
1092 3395 1149 3430 nam
1170 3381 1195 3430 in
1215 3378 1274 3428 lidei

254 3465 420 3516 confessione
447 3483 508 3518 sua:
537 3468 690 3531 „Posthaec,
716 3470 808 3534 inquil,
837 3469 964 3518 credimus
991 3470 1016 3517 in
1043 3483 1107 3530 eum,
1136 3483 1202 3534 quae
1229 3482 1275 3532 per

256 3553 415 3605 Salvatorcm
441 3556 527 3607 futura
554 3566 610 3618 est,
642 3559 855 3607 resurrectionem
876 3571 1026 3622 corporum,
1058 3555 1147 3606 horum
1175 3554 1275 3605 scilicet

255 3643 378 3707 ipsorum,
400 3660 466 3711 quae
487 3645 613 3696 dissoluta
635 3653 703 3706 sunl,
729 3660 779 3694 uua
800 3661 854 3696 cum
876 3647 986 3711 propriis
1007 3643 1126 3695 membris
1147 3650 1173 3692 ct
1192 3645 1275 3708 parti-

256 3729 313 3792 bus,
335 3731 408 3782 nullo
429 3732 566 3784 deficiente
586 3743 630 3784 aut
655 3736 785 3784 immutato
806 3736 901 3796 exiis,
933 3749 999 3800 quac
1028 3735 1154 3798 cuiusque
1180 3747 1274 3797 corpus

254 3819 451 3884 componebant,
474 3820 532 3872 dum
553 3825 677 3872 viveret.·‘
719 3822 837 3888 Basnuge
858 3822 926 3872 lectt.
948 3823 1045 3889 antiqq.
1069 3820 1096 3875 T.
1107 3819 1127 3881 l,
1153 3819 1213 3871 180.
1236 3818 1275 3870 De

256 3907 383 3958 Eunomio
404 3909 437 3958 cl.
461 3909 523 3960 ibid.
547 3927 572 3976 p.
597 3913 649 3964 172
672 3927 727 3978 sqq.
768 3909 945 3961 Tillemontius
960 3909 1107 3976 (Memoires
1129 3907 1170 3957 ed.
1194 3906 1274 3956 Brux.

259 3995 331 4049 1719
353 3996 380 4052 T.
403 3999 442 4048 ΙΙΙ
463 3997 490 4048 P.
519 4001 557 4049 tlt
585 4015 610 4064 p.
634 4000 702 4061 998)
730 4006 824 4060 monet,
854 3999 1006 4060 Hieraeitns,
1038 3998 1082 4062 qui
1109 4003 1135 4044 el
1163 3994 1196 4043 de
1225 3995 1274 4044 tri-

257 4087 335 4134 nitate
365 4085 430 4136 falsa
461 4087 612 4152 docuerint,
642 4089 816 4139 Eunomiauos
853 4086 978 4152 appellari
1009 4097 1095 4148 posse.
1148 4081 1199 4132 Sed
1233 4081 1275 4132 hic

257 4173 289 4224 de
311 4174 441 4226 haeretico
471 4178 564 4244 agitur,
596 4178 639 4242 qui
668 4191 803 4241 corporum
833 4175 1045 4226 resurrectionem
1066 4171 1175 4236 negarit,
1205 4168 1275 4238 quod

257 4279 333 4328 quum
355 4264 563 4316 inEuuomiauos
584 4279 635 4316 non
656 4265 740 4328 cadat,
761 4265 806 4316 ille
828 4263 972 4314 haereticus
994 4260 1167 4312 Eunomianua
1188 4260 1276 4311 vocari

257 4367 362 4416 prorsus
383 4355 479 4420 nequit.
