2990 4986
605 399 651 412 ...
704 314 850 430 69⁵..

183 562 249 626 dam
271 558 384 622 mundat
400 557 482 622 linea
503 563 589 620 veste
611 554 723 638 indute,
745 573 821 636 quae
847 573 951 618 urnam
973 556 1094 620 wnebat
1116 575 1191 640 aqua
1212 558 1280 621 stil-

184 673 296 737 lantem
319 679 408 750 atque
429 687 497 732 eum
521 668 712 748 provocabat.
741 667 817 731 Tres
838 669 930 749 igitur
952 667 1016 733 dies
1036 669 1194 751 ingressus
1215 687 1281 732 eam

181 783 267 862 vidit,
289 800 389 863 neque
411 780 530 860 assequi
552 779 663 859 potuit3
686 797 740 859 spe
757 789 856 842 autem
872 779 993 843 bibendi
1009 780 1187 863 languorem
1209 797 1281 843 sus-

180 895 280 962 tinuit.
324 895 396 957 Post
419 910 506 974 quam
528 891 662 972 apparuit
684 891 841 954 multitudo
862 891 1053 966 bubalorum
1086 892 1281 972 reperiuntur

181 1005 263 1068 enim
285 1005 315 1066 in
338 1003 396 1066 illis
417 1001 602 1085 regionibus.
624 1001 648 1064 E
672 1001 791 1082 quibus,
813 1002 921 1082 aiebat,
943 1021 1002 1064 una
1021 1003 1146 1066 uitulum
1167 1003 1281 1068 habens

183 1115 257 1176 mihi
278 1132 319 1176 ex
340 1113 467 1175 adverso
489 1112 580 1178 stetit.
624 1109 716 1173 Cuius
737 1121 857 1174 uterum
872 1130 964 1192 quum
985 1112 1064 1175 lacte
1076 1112 1171 1176 lluere
1191 1114 1281 1176 vide-

182 1241 260 1303 rem,
282 1223 407 1301 accessi,
430 1230 460 1286 et
475 1239 572 1301 usque
588 1220 624 1282 ad
647 1221 814 1286 sutietatem
836 1223 966 1287 nutritus
988 1241 1063 1286 sum.
1108 1223 1155 1286 Ac
1177 1223 1279 1286 divino

183 1335 278 1398 iussui
300 1351 410 1414 parens
434 1351 482 1396 me
503 1341 607 1396 secuta
629 1341 676 1396 est
707 1350 804 1413 usque
826 1333 863 1396 ad
885 1333 1000 1411 cellam,
1030 1344 1061 1398 et
1082 1353 1131 1396 me
1160 1337 1280 1416 quidem

181 1445 317 1523 nutrivit,
349 1461 448 1524 neque
483 1461 559 1506 vero
595 1444 721 1508 vitulum
756 1463 844 1510 suum
876 1445 1003 1512 admisit.
1054 1445 1170 1510 Rursus
1207 1447 1280 1510 alias

180 1556 230 1618 lric
252 1556 363 1618 virtute
373 1553 527 1635 praeditus
545 1553 603 1633 vir,
621 1571 711 1635 quum
724 1573 818 1636 prope
840 1554 911 1618 lolia
933 1563 964 1618 et
985 1563 1136 1620 sarmenta
1156 1566 1280 1636 puteum

179 1665 299 1730 foderet
318 1666 349 1727 in
370 1664 588 1728 recreationem
618 1663 844 1743 monachorum,
877 1665 913 1728 ab
942 1665 1045 1746 aspide
1073 1683 1193 1729 morsus
1222 1675 1280 1730 est.
1363 1665 1370 1692 ⁸

180 1777 268 1853 Quod
297 1776 403 1840 animal
435 1775 526 1839 letale
554 1793 704 1838 venenum
736 1775 834 1840 habet
882 1775 1108 1856 Apprehensam
1140 1777 1233 1858 igitur
1262 1795 1280 1840 a

181 1888 318 1954 faucibus
349 1888 482 1968 aspidem
513 1897 635 1952 sanctus
668 1888 810 1951 ambabus
844 1889 980 1952 manibus
1018 1889 1196 1972 discerpsit,
1232 1898 1279 1953 et:

183 2001 293 2078 Quum,
326 2000 432 2080 inquit,
465 2007 495 2062 te
517 2015 577 2060 non
607 1998 722 2064 miserit
751 2000 888 2063 dominus
909 2018 1005 2080 moue,
1035 2001 1185 2080 quomodo
1207 2019 1281 2066 ausa

115 2181 121 2192 .
182 2128 217 2173 es
238 2109 275 2172 ad
298 2127 345 2172 me
366 2104 538 2176 accedere?
581 2109 636 2193 llio
657 2107 955 2194 Macarius'magnus
977 2111 1113 2174 diversas
1135 2111 1227 2175 cellas
1248 2112 1280 2172 in

177 2219 339 2286 solitudine
360 2220 473 2300 habuit,
504 2221 535 2283 in
557 2219 665 2300 quibus
688 2221 850 2284 certamina
871 2223 992 2306 virtutis
1021 2222 1156 2304 peregit:
1189 2239 1279 2285 unam
1342 2221 1343 2224 ’

174 2331 293 2413 quidem
315 2332 345 2393 in
367 2330 466 2411 Scete,
496 2349 574 2413 quac
603 2333 690 2415 regio
714 2343 761 2397 est
781 2333 981 2397 ininteriore
1002 2342 1086 2396 vaste
1108 2333 1279 2417 solitudine,

176 2461 266 2508 unam
286 2443 319 2506 in
339 2443 432 2526 libya
459 2444 491 2506 in
513 2441 625 2524 Celllis,
652 2463 729 2524 quae
757 2445 908 2524 dicuntur,
941 2454 972 2508 et
1000 2445 1087 2508 aliam
1117 2445 1149 2506 in
1179 2453 1280 2506 monte

176 2555 301 2618 Nitriae.
323 2555 371 2617 Ex
390 2555 500 2635 quibus
522 2555 597 2617 aliae
612 2555 731 2634 quidem
750 2557 830 2618 ostio
843 2556 995 2634 carebant,
1018 2555 1049 2618 in
1060 2555 1281 2635 quibusllaca-

177 2667 242 2728 rius
258 2666 414 2727 dicebatur
427 2673 564 2744 tempore
578 2665 825 2747 quadragesimae
836 2665 946 2728 sedere
961 2665 992 2728 in
1009 2666 1152 2728 tenebris.
1175 2656 1280 2728 Altera

178 2786 279 2840 autem
302 2775 378 2838 cella
401 2776 495 2838 multo
517 2777 674 2859 angustior
702 2785 769 2840 erat
798 2777 919 2857 ceteris,
947 2778 977 2838 in
1009 2795 1067 2857 qua
1095 2795 1152 2838 nec
1173 2777 1280 2856 pedem

176 2887 344 2952 extendere
366 2895 492 2967 poterat.
538 2887 640 2949 'lertio
661 2904 736 2950 vero
758 2887 847 2951 latior
869 2896 943 2967 erat,
975 2888 1005 2949 in
1035 2905 1094 2968 qua
1116 2889 1203 2952 etiam
1225 2906 1279 2952 eos

178 2999 387 3078 conveniebat,
417 2998 468 3078 qui
490 2997 527 3060 ad
555 2997 652 3078 ipsum
682 3000 876 3066 uentitabant.
920 2999 975 3062 llic
996 2999 1045 3062 vir
1067 3009 1187 3063 sanctus
1209 3007 1279 3062 tan-

178 3117 239 3173 tam
260 3109 478 3174 multitudinem
506 3109 625 3173 sanavit
646 3127 762 3188 eorum,
795 3111 848 3190 qui
869 3129 886 3172 a
907 3109 1101 3173 daemonibus
1123 3111 1280 3172 venaban-

179 3229 241 3301 tur,
272 3232 306 3286 ut
332 3239 386 3285 eos
414 3222 599 3286 numerando
628 3223 707 3285 haud
734 3222 821 3285 facile
849 3239 1057 3302 percenseres.
1102 3223 1199 3306 Quum
1222 3229 1279 3286 tros
1311 3267 1313 3272 -

178 3331 362 3412 adessemus,
385 3332 422 3396 ad
442 3332 521 3395 hunc
533 3340 669 3396 sanctum
685 3333 995 3415 virgo'lhessalonica
1010 3331 1147 3411 enitendo,
1169 3333 1278 3396 nobilis

178 3461 294 3528 genere
306 3453 337 3508 et
357 3443 389 3506 in
417 3443 473 3506 hac
500 3445 562 3508 vita
586 3444 683 3524 dives,
712 3453 865 3526 apportata
893 3453 950 3525 est,
972 3463 1049 3525 quae
1070 3445 1171 3507 multis
1192 3444 1279 3508 annis

177 3555 307 3636 paralysi
328 3555 491 3619 laborabat.
526 3554 627 3636 Atque
649 3556 686 3618 ad
708 3574 777 3619 eum
799 3555 926 3619 adducta
949 3573 1045 3637 prope
1066 3555 1171 3618 cellam
1184 3554 1279 3618 sancti

177 3667 312 3748 proiecta
332 3673 388 3730 est.
431 3665 491 3740 Qui
516 3665 723 3730 misericordia
753 3675 920 3732 commotus
942 3684 1034 3746 quum
1064 3684 1171 3747 preces
1202 3665 1277 3727 iun-

177 3778 253 3842 dens
275 3785 306 3842 et
326 3777 395 3841 oleo
417 3784 523 3842 sancto
544 3795 611 3840 eam
633 3777 763 3858 propriis
779 3778 842 3842 suis
859 3777 995 3841 manibus
1010 3794 1149 3860 unguens
1169 3777 1278 3857 viginti

177 3887 285 3953 diebus
305 3907 398 3970 super
421 3907 487 3952 eam
509 3889 616 3955 sedulo
638 3907 674 3953 ac
694 3890 819 3953 multum
841 3899 970 3970 orasset,
992 3905 1092 3952 sanam
1114 3889 1146 3950 in
1167 3887 1277 3948 civita-

177 4007 239 4064 tem
271 4001 335 4063 eius
364 3999 484 4064 dimisit.
528 4001 612 4076 Quae
634 4001 764 4084 propriis
793 3995 928 4082 pedibus
941 4017 1092 4082 regressa,
1123 3997 1277 4076 copiosam

176 4111 290 4176 sanctis
309 4111 490 4178 oblationem
512 4113 603 4178 misit.
648 4113 703 4176 llic
725 4131 853 4196 magnus
876 4111 1025 4176 Macarius
1047 4125 1138 4189 quum
1160 4107 1277 4172 audiis-

178 4229 236 4300 aet,
257 4221 491 4289 tabennesiotas
513 4223 701 4305 praeclarum
722 4225 837 4288 habere
858 4223 939 4286 vitae
959 4221 1137 4301 institutum,
1166 4228 1278 4285 mutata

178 4339 267 4398 veste
289 4340 322 4396 et
341 4333 497 4416 adsumpto
519 4335 668 4400 mundano
695 4334 829 4417 operarii
857 4333 970 4414 habitu,
991 4334 1086 4415 spatio
1108 4333 1277 4416 quindecim
