2974 4964
632 373 901 448 -108-

218 555 276 652 sat,
306 571 452 636 Palladius
474 572 504 634 in
536 569 649 651 capite:
685 569 749 650 „De
770 571 902 636 biaoario
923 568 1147 634 tiiarrandrinoi
1172 567 1319 650 inscripto

221 683 253 746 id
273 683 398 746 laudare
412 699 476 744 non
498 681 656 745 omisisset.
680 680 739 744 Sed
753 680 877 746 Antonii
898 681 1067 744 ministrum
1084 679 1173 742 alium
1195 681 1319 744 omnino

217 793 299 856 iilius
320 793 465 874 temporis
475 791 638 855 biaoarrum
659 790 764 872 fuisse,
785 809 825 855 ax
845 792 894 871 iis,
916 809 993 872 prae
1014 783 1096 854 inira
1105 791 1143 853 de
1157 809 1195 888 eo
1218 791 1320 855 disse-

219 921 333 982 remus,
355 904 436 966 clara
457 901 577 982 patebit.

304 1013 439 1093 Denique
459 1011 608 1074 Macarius
636 1011 796 1093 presbyter
826 1019 1009 1075 memoratur
1037 1007 1068 1075 in
1097 1011 1204 1090 capita,
1237 1012 1320 1091 quod

217 1121 407 1186 inscribitur:
430 1119 517 1204 ssepi
541 1117 720 1194 Οὐάλεντος.
765 1119 857 1184 Cuius
880 1129 994 1201 partam
1025 1135 1043 1184 e
1065 1121 1218 1184 codicibus
1239 1121 1320 1182 Vin-

217 1225 440 1296 dobonensibus
461 1231 646 1312 desumptam
669 1249 703 1293 ac
733 1231 824 1295 latine
846 1231 992 1295 redditam
1015 1231 1189 1294 adscribere
1211 1231 1318 1296 liceat:

217 1341 305 1406 Uales
316 1343 445 1424 quidam,
467 1359 582 1433 genpre
597 1342 790 1420 Palaestinos,
813 1342 843 1404 in
856 1339 1047 1405 solitudinem
1070 1341 1223 1422 proiectus
1245 1343 1319 1405 lon-

217 1471 289 1536 gum
310 1462 428 1534 tempus
449 1453 607 1514 nobiscum
636 1451 786 1516 habitavit.
832 1453 890 1527 Oui
919 1467 1010 1532 quum
1040 1453 1166 1515 maxima
1195 1453 1318 1517 vivendi

216 1564 377 1628 seueritate
399 1579 544 1627 summam
566 1562 726 1624 asceticam
758 1562 849 1632 vitam
878 1563 1083 1656 suscepisset,
1101 1579 1178 1625 vana
1208 1562 1246 1626 de
1281 1581 1316 1626 se

217 1673 357 1753 opinione
373 1692 409 1736 ao
425 1673 565 1754 superbia
582 1673 757 1735 ddaemone
779 1672 888 1735 irrisus
910 1681 942 1736 at
963 1672 1014 1734 tali
1037 1673 1205 1754 perniciosa
1227 1673 1318 1736 animi

216 1781 380 1846 calamitate
401 1783 489 1846 breti
516 1789 654 1862 tempore
683 1782 826 1860 deceptus
859 1791 916 1860 est,
951 1791 986 1846 ut
1006 1773 1131 1866 angelos
1152 1801 1220 1846 cum
1249 1785 1317 1863 ipso

216 1893 402 1970 conversari,
436 1901 468 1956 et
500 1891 532 1954 in
566 1893 674 1972 quovis
711 1893 876 1955 ministerio
909 1891 966 1973 ipsi
998 1893 1147 1956 inservire
1181 1893 1315 1956 iactaret.

100 1983 102 1988 ¹
216 2001 246 2065 is
267 2002 417 2083 quondam
431 2001 571 2082 'sportam
593 2019 754 2078 consuens,
784 2011 817 2066 ut
849 2003 913 2066 eius
943 2003 1019 2066 socii
1040 2011 1211 2082 narrarunt,
1241 2020 1317 2064 ves-

215 2112 294 2190 peri,¹
313 2129 404 2192 quum
416 2113 526 2177 multae
548 2112 692 2176 tenebrae
706 2119 819 2189 essent,
842 2099 938 2189 acum,
960 2129 1019 2191 qua
1039 2112 1215 2191 consuebat,
1237 2113 1317 2174 ami·-

217 2221 266 2284 sit.
296 2212 375 2296 'Qua
397 2241 457 2286 non
479 2225 610 2302 inventa,
640 2223 767 2285 daemon
789 2222 817 2282 ei
839 2220 1004 2302 lampadem
1030 2221 1113 2300 iecit,
1144 2239 1203 2302 qua
1230 2240 1318 2288 acum

218 2333 342 2413 reperit,
364 2333 460 2396 itaut
482 2334 574 2396 miser
606 2333 667 2396 isto
694 2331 793 2414 magis
825 2331 914 2394 etiam
930 2331 1024 2394 'vano
1048 2340 1165 2396 tumore
1193 2333 1319 2396 inflare-

215 2445 497 2510 mandantem
529 2443 718 2526 providentia
747 2443 926 2532 fraternitati
953 2425 1104 2509 calamitas
1134 2445 1199 2508 cius
1226 2445 1316 2508 citius

133 2631 137 2636 ,
214 2556 369 2648 manifesta
391 2555 468 2619 iacta
489 2565 545 2648 ost.
589 2553 664 2618 Nam
676 2555 793 2633 accidit,
815 2563 849 2618 ut
871 2525 1004 2635 hospites
1026 2555 1148 2635 qnidam
1161 2554 1315 2622 iratribus
1377 2531 1385 2549 ⁹

213 2665 329 2730 fructus
351 2668 481 2731 aestivos
504 2665 666 2732 afferrent.
701 2667 835 2742 Quorum
857 2665 1038 2746 manipulum
1060 2657 1315 2728 domiuusbiaca-

213 2777 277 2838 rius
298 2769 458 2860 presbyter
479 2767 644 2858 unicuique
662 2759 694 2840 iri
716 2777 853 2840 cellulam
880 2775 971 2855 misit,
999 2778 1172 2860 pariterque
1201 2778 1315 2839 misero

214 2884 338 2947 Ualenti.
361 2886 416 2946 iiic
439 2904 519 2964 eum,
541 2887 592 2965 qui
614 2886 765 2964 attulerat,
797 2885 971 2948 verberavit
991 2893 1023 2948 et
1043 2887 1224 2950 contumelia
1245 2886 1315 2948 aiii·
1333 2949 1338 2955 ,

214 2995 314 3056 ciens:
346 2995 412 3072 Dic,
434 2995 539 3074 inquit,
568 2993 715 3056 biccario:
746 2987 777 3058 te
809 2995 942 3060 deterior
971 3013 1032 3058 non
1061 3015 1138 3076 sum,
1168 2983 1263 3078 quod
1280 3005 1314 3060 tu

215 3221 335 3291 ceptum
357 3229 426 3274 esse
446 3214 651 3294 cognovisset,
669 3215 744 3278 abiit
766 3217 803 3279 ad
825 3213 1133 3297 aumoohortandum,
1155 3227 1201 3282 at:
1224 3216 1314 3279 Uales

213 3323 319 3401 irater,
341 3323 450 3404 inquit,
470 3323 575 3388 illusus
598 3343 648 3401 est
671 3327 775 3390 desine
798 3337 828 3390 et
843 3328 1006 3408 deprecare
1021 3327 1132 3392 Deum!
1177 3329 1234 3404 Qui
1255 3328 1314 3390 ad-

144 3472 147 3477 ·
212 3434 406 3525 monitionem
435 3435 501 3498 eius
530 3454 591 3508 non
620 3437 743 3516 audivit,
776 3437 831 3501 sed
860 3438 1036 3502 inobediens
1065 3438 1226 3502 oblocutus
1253 3445 1313 3504 est.

211 3540 353 3606 Diabolus
374 3545 468 3626 igitur
489 3563 581 3626 quum
599 3557 786 3628 omnpartum
808 3547 943 3628 haberet,
965 3549 1123 3611 maximam
1142 3541 1201 3611 'sibi
1221 3547 1312 3610 iidem

212 3671 280 3718 eum
308 3655 458 3736 habuisse,
495 3657 621 3740 figuram
651 3658 814 3722 Salsatoris
852 3659 958 3736 induit,
992 3668 1022 3724 ct
1051 3669 1144 3724 noctu
1176 3653 1247 3721 eum
1279 3659 1311 3720 in

90 3815 93 3820 .
210 3765 413 3846 phantasmata
436 3785 504 3863 cum
526 3769 606 3832 mille
628 3769 822 3832 daemonibus
844 3769 994 3849 lampadas
1023 3769 1190 3834 terentibus
1212 3769 1310 3832 adve-

210 3877 266 3957 nit,
286 3885 445 3960 rotamque
466 3881 585 3959 igneam
607 3879 778 3958 ostendit·
769 3898 800 3941 m
813 3897 871 3959 qua
889 3879 1160 3944 mediaSalvatoris
1182 3879 1311 3960 iigu'ram
1366 3948 1373 3956 g
1471 3897 1472 3908 ¹

209 3989 368 4054 simulavit.
425 3987 507 4052 Unus
539 3997 638 4052 autem
670 3991 783 4052 accito.
816 3988 927 4078 Diiexit
958 3999 999 4069 te,
1036 3989 1142 4070 inquit,
1175 3988 1310 4052 Christus

209 4100 248 4159 ob
270 4101 348 4164 vitae
379 4107 447 4164 tuas
469 4099 672 4182 integritatem
704 4075 933 4180 institutumque
955 4108 1039 4164 tuum
1061 4107 1092 4163 et
1114 4096 1244 4178 advenit,
1276 4107 1312 4162 ut

210 4213 240 4268 te
261 4209 375 4284 videat3
398 4211 548 4293 egredere
567 4229 585 4273 e
606 4210 683 4284 ceila
705 4227 844 4290 eumque,
867 4212 892 4275 si
914 4211 1020 4294 procul
1042 4218 1171 4274 stantem
1184 4209 1310 4287 videris,

208 4320 409 4396 procumbens
430 4321 532 4385 adora.
576 4321 728 4404 Egressus
756 4322 852 4404 igitur
884 4341 902 4385 e
931 4321 1007 4396 celia
1032 4321 1205 4385 comitatum
1234 4319 1310 4383 vidit

60 3147 93 3157 ,.
157 3152 161 3158 .
214 3104 431 3166 mibimunera
453 3103 567 3185 mittas(
606 3103 702 3178 Quum
723 3107 818 3188 igitur
839 3115 959 3176 sanctus
980 3087 1129 3170 Macarius
1158 3127 1227 3171 eum
1254 3107 1314 3170 de-
1370 3169 1373 3174 ,
1472 3149 1473 3202 3
