2990 4986
574 353 817 432 ..45-

151 579 218 624 mes
239 562 358 640 quidem
382 560 532 622 sententia
553 566 661 619 octavo
679 555 728 618 vol
749 571 829 618 nono
852 552 1045 639 conscripta)
1060 555 1098 618 de
1119 565 1252 622 amatore

151 673 290 752 traditur,
313 673 365 752 qui
387 670 533 734 suadente
555 685 643 750 mago
667 667 816 729 diabolum
837 667 933 746 ipsum
955 667 1028 745 adit,
1057 667 1134 746 apud
1162 686 1252 748 quoru

151 802 206 864 per
227 783 344 846 litteras
358 782 478 844 Christo
500 781 661 854 renuntiet,
684 778 737 840 sed
752 777 863 858 nuptiis
881 776 965 840 iactis
982 777 1019 839 ad
1039 778 1251 857 poenitentiam

151 911 186 958 se
208 895 360 957 convertit
375 890 418 976 ¹).
465 892 564 972 Atque
590 890 707 952 incolae
728 889 829 952 Siwah
851 889 937 959 Oasis
966 889 1125 951 hodiedum
1147 905 1253 972 magos

152 1006 211 1070 sibi
233 1022 368 1067 amorem
390 1003 546 1065 mulierum
569 1001 733 1063 conciliare
755 1017 845 1080 posse
867 1000 995 1065 credunt
1008 997 1050 1082 ²).

231 1219 248 1275 l.
260 1219 296 1270 l.:
319 1219 490 1276 „Firmissime
500 1227 594 1279 minen,
615 1218 708 1284 inquit,
722 1217 878 1268 credendum
892 1225 941 1279 est,
963 1218 1162 1283 omnipotentem
1173 1219 1254 1272 Deum

232 1310 316 1359 omnis
335 1323 420 1373 posse.
432 1309 530 1370 iecere,
549 1323 617 1374 quae
629 1306 748 1369 voluerit,
769 1308 825 1358 sive
846 1307 1002 1358 vindicando
1018 1313 1075 1358 slve
1089 1311 1256 1374 praestando,

231 1412 279 1448 nec
300 1396 438 1448 daemones
459 1396 557 1464 aliquid
585 1397 686 1462 operari
715 1395 854 1458 secundum
880 1404 987 1446 naturae
1014 1411 1077 1446 snae
1104 1399 1255 1462 potentiam,

230 1487 280 1538 nisi
302 1485 371 1552 quod
393 1485 437 1536 ille
459 1485 612 1550 permiserit,
641 1486 714 1535 cuius
734 1483 831 1534 iudicia
853 1483 962 1551 occulta„
975 1492 1035 1535 sunt
1053 1485 1141 1548 multa,
1158 1488 1257 1540 iniusta

230 1575 307 1626 nulla.
329 1573 403 1632 xllec
424 1589 486 1625 sene
506 1574 645 1624 daemones
666 1581 770 1624 naturas
791 1581 887 1634 creant,
909 1574 931 1623 si
952 1573 1051 1641 aliquid
1073 1574 1124 1624 tale
1146 1573 1254 1639 iaciunt,

229 1665 277 1715 sed
298 1666 386 1729 specie
407 1671 492 1726 tenus,
523 1677 590 1730 quae
617 1678 632 1714 a
658 1677 721 1714 vero
750 1662 806 1714 Deo
833 1670 892 1712 sont
912 1670 1008 1726 creata,
1033 1671 1198 1727 commutant,
1228 1671 1257 1716 ut

231 1752 368 1803 videantur
386 1767 463 1815 esse,
495 1752 565 1820 quod
594 1767 645 1804 non
674 1759 742 1802 sunt.
786 1751 842 1802 Non
870 1753 957 1818 itaque
978 1751 1060 1802 solum
1080 1753 1189 1803 animum
1209 1751 1257 1804 sod

232 1855 280 1892 nec
306 1856 401 1907 corpus
429 1841 532 1910 quidem
561 1841 612 1892 ulla
642 1843 743 1892 ratione
771 1839 924 1890 crediderim
951 1840 1101 1890 daemonum
1133 1848 1187 1892 arte
1215 1841 1256 1894 vel

193 1931 197 1948 '
232 1937 363 1994 potestate
384 1931 410 1979 in
432 1929 542 1980 membru
563 1938 589 1980 et
609 1929 763 1980 lineamenta
783 1928 904 1979 bestialia
930 1931 1058 1978 veraciter
1085 1943 1164 1994 posse
1191 1945 1257 1980 con·
1341 1958 1346 1966 ·

232 2019 309 2079 verti,
332 2016 379 2066 sed
399 2015 586 2082 phantasticum
608 2016 728 2078 hominis,
757 2015 826 2084 quod
848 2018 923 2066 etiem
944 2015 1085 2082 cogitando
1107 2017 1164 2068 sive
1185 2031 1257 2067 som-

234 2105 329 2157 niando
357 2121 403 2172 per
430 2121 514 2156 rerum
543 2105 738 2156 innumerabilia
758 2121 853 2172 genera
882 2107 1005 2168 variatur,
1039 2113 1141 2156 etcum
1162 2119 1258 2170 corpus

233 2210 284 2245 non
305 2196 348 2257 sit,
369 2209 504 2260 corporum
525 2202 608 2245 tamen
630 2194 726 2246 similes
748 2196 810 2246 miro
830 2194 963 2245 celeritate
985 2194 1078 2246 lormas
1099 2197 1178 2260 capit,
1209 2210 1256 2246 so-

234 2285 295 2350 pitis
316 2291 360 2335 sut
381 2285 513 2349 oppressis
534 2287 667 2349 corporeis
688 2285 799 2335 hominis
819 2282 949 2345 sensibus,
971 2283 1002 2334 ad
1030 2283 1137 2336 aliorum
1154 2299 1258 2336 sensum

234 2373 324 2422 nescio
345 2387 396 2440 quo
417 2371 543 2422 ineffabili
566 2374 642 2424 modo
664 2373 744 2440 ligura
766 2388 891 2438 corporea
913 2388 991 2438 posse
1012 2371 1130 2438 perduci,
1165 2375 1200 2423 ita
1231 2381 1260 2423 ut

234 2477 343 2528 corpora
364 2463 420 2528 ipsa
442 2461 569 2512 bominum
591 2461 686 2512 alicubi
709 2463 820 2524 iaceant,
841 2463 956 2512 viventia
975 2461 1088 2528 quidem,
1110 2461 1156 2511 sed
1177 2461 1260 2511 multo

234 2553 339 2615 gravium
360 2558 438 2617 atque
465 2551 645 2600 vehementius
665 2565 739 2617 quem
768 2565 857 2601 somno
886 2552 940 2599 suis
967 2547 1087 2599 sensibus
1116 2548 1260 2612 obseratis,

236 2639 424 2702 phantasticum
452 2645 535 2688 autern
560 2638 624 2688 illud
655 2638 734 2688 veluti
762 2645 924 2703 corporatum
952 2639 978 2686 in
1013 2637 1122 2688 alicuius
1144 2638 1261 2688 animalis

237 2725 324 2791 elligie
354 2733 479 2791 appareat
500 2725 619 2775 sensibus
650 2725 741 2776 alienis
775 2725 885 2792 talisque
912 2727 986 2775 etium
1014 2725 1064 2776 sibi
1097 2725 1172 2776 homo
1203 2742 1261 2778 esse

238 2812 367 2874 videatur,
395 2815 461 2863 sicut
480 2813 538 2863 talis
563 2814 612 2866 sibi
626 2815 706 2864 videri
727 2822 816 2880 posset
834 2816 859 2864 in
880 2816 975 2865 somnis
997 2822 1023 2864 et
1046 2821 1149 2878 portare
1167 2829 1261 2876 onera;

236 2915 403 2966 qnaeonem,
424 2903 445 2950 si
467 2915 526 2952 vera
544 2910 604 2952 sunt
622 2916 740 2966 corpora,
758 2909 891 2968 portantur
912 2919 926 2952 a
948 2901 1126 2965 daemonibus,
1149 2911 1176 2953 ut
1198 2901 1261 2953 illu-

237 2989 313 3040 datur
337 2988 493 3050 hominibus,
520 2993 610 3055 partim
631 3005 693 3042 vera
714 3005 819 3042 onerum
841 3005 960 3057 corpore,
982 2993 1072 3058 partim
1093 2994 1262 3043 iumentorum

236 3077 301 3127 ialsa
321 3077 514 3130 cernentibus.“
559 3077 625 3144 Opp.
646 3080 712 3147 Aug.
733 3079 775 3136 ed.
796 3081 882 3148 hllgne
903 3080 930 3131 T.
953 3079 1001 3132 Vll
1023 3097 1048 3146 p.
1071 3077 1128 3134 574
1148 3097 1204 3149 sqq.

188 3167 215 3230 i)
238 3166 295 3216 Vita
317 3167 343 3223 S.
373 3165 473 3230 Basilii,
504 3169 630 3234 scriptore
651 3167 962 3236 Pseudo-Amphilochio,
985 3185 1041 3236 cap.
1063 3170 1081 3222 8
1102 3170 1192 3224 llosw.
1210 3169 1263 3226 VV.

237 3253 284 3309 PP.
308 3271 333 3322 p.
354 3255 417 3318 156,
447 3259 459 3307 l
483 3273 540 3324 sqq.
582 3257 616 3312 cl.
638 3258 692 3313 ΑΑ.
719 3258 763 3312 SS.
785 3258 852 3313 Boll.
875 3257 903 3313 T.
929 3257 962 3313 ll.
981 3257 1050 3308 lunii
1078 3273 1102 3323 p.
1125 3257 1180 3310 307
1205 3275 1261 3326 sqq.

237 3341 293 3392 lloc
309 3346 510 3410 antiquissimum
531 3347 598 3410 pacti
615 3361 671 3396 cum
688 3345 793 3397 diabolo
812 3349 868 3397 initi
881 3347 1022 3412 exemplum
1041 3354 1088 3407 est,
1111 3348 1132 3396 si
1145 3345 1263 3396 Pseudo-

238 3429 436 3494 Amphilochius
457 3431 577 3496 fabulam,
601 3449 675 3500 quam
704 3434 736 3484 ab
762 3435 881 3486 Helladio
907 3435 998 3485 Basilii
1023 3436 1138 3484 ministro
1161 3449 1190 3483 se
1217 3448 1263 3482 ac-

238 3521 340 3584 cepisse
355 3519 440 3583 refert,
463 3537 555 3572 revera
578 3537 593 3572 e
615 3524 668 3572 vita
687 3523 789 3585 Basilii,
815 3539 889 3590 quam
914 3521 1048 3573 llellediua
1070 3523 1182 3587 scripsit,
1206 3537 1264 3570 mu-

236 3613 321 3657 tuatus
333 3615 380 3662 est.
410 3607 571 3659 Foederibus
584 3607 722 3674 Theophili
734 3609 893 3660 vicedomini
905 3607 972 3674 (An.
988 3609 1032 3665 SS.
1043 3608 1110 3665 Boll.
1125 3607 1152 3664 T.
1163 3609 1175 3660 l
1188 3609 1264 3666 Febr.

237 3709 261 3760 p.
271 3691 336 3750 484.
347 3695 413 3752 888.
434 3698 551 3748 Scmmer
561 3697 594 3748 de
607 3697 742 3763 Theophili
758 3713 814 3748 cum
830 3697 934 3748 diabolo
945 3697 1059 3754 loedere.
1067 3697 1155 3754 Berol.
1167 3693 1264 3761 1844),

237 3782 349 3834 Militarii
376 3785 467 3848 (Mosae
489 3785 620 3854 'Anneiger
648 3781 721 3838 1834
744 3803 768 3851 p.
793 3787 848 3839 266
875 3787 955 3854 sqq),
987 3786 1121 3837 lleliodori
1144 3787 1206 3845 (Vit.
1238 3786 1264 3840 S.

237 3872 333 3924 Leonis
347 3871 470 3924 cataniae
488 3873 577 3940 Episc.
604 3875 659 3926 All.
676 3875 720 3926 SS.
741 3873 808 3932 Boll.
826 3875 853 3930 T.
866 3873 905 3926 lll
919 3873 995 3926 Tebr.
1009 3891 1034 3940 p.
1060 3873 1138 3940 224),
1157 3874 1265 3924 aliorum

237 3976 294 4011 cum
318 3959 423 4012 diabolo
447 3963 506 4012 ictis
528 3975 580 4012 non
602 3977 672 4013 amor
694 3962 796 4028 puellae
816 3964 981 4025 inficiendum
1008 3963 1054 4013 sed
1077 3964 1199 4025 honores,
1222 3963 1264 4013 di-

239 4052 327 4112 vitiae,
349 4059 417 4101 entes
442 4053 557 4116 magicae
576 4059 740 4116 expetuntur.
766 4037 769 4046 ¹

187 4141 216 4200 2)
237 4153 261 4187 v.
284 4139 417 4190 llinutoli:
436 4139 513 4189 Reise
534 4154 591 4190 zum
603 4139 706 4205 Tempel
726 4139 772 4190 des
788 4138 889 4204 Jupiter
899 4141 1005 4191 Ammon
1021 4139 1047 4186 in
1064 4137 1110 4188 der
1126 4135 1263 4204 libyschen

238 4229 331 4278 Wu'rste
354 4227 405 4278 und
427 4227 493 4278 nach
515 4225 698 4294 Oberdgypten
722 4229 842 4296 herausg.
872 4243 921 4279 von
946 4227 990 4281 Dr.
1010 4224 1134 4284 Toelken.
1176 4229 1262 4280 Berlin

241 4309 322 4367 1824.
347 4331 371 4380 p.
393 4316 454 4370 179.
