2990 4986
578 435 821 508 ..57..„

151 637 232 700 rioso
254 641 417 715 occupatus
440 634 554 715 pariter
576 634 697 714 propria
720 634 894 698 comedebat
908 642 1112 716 excrementa,
1135 637 1251 702 sanavit

151 747 180 810 S.
203 746 353 810 Antonius
366 742 410 828 ¹).
453 744 561 807 Mulier
583 744 738 824 quaedam,
761 763 838 828 quae
860 746 991 825 quotidie
1013 746 1136 830 triginta
1159 747 1250 828 galli-

151 876 204 922 nas
227 857 403 920 comedebat
425 873 523 935 neque
551 855 610 916 cibi
639 855 809 918 aviditatem
841 855 965 935 explere
992 865 1119 936 poterat,
1147 865 1250 920 sanata

151 978 197 1033 est
219 987 236 1030 a
257 966 288 1030 S.
310 965 485 1028 Macedonio
497 963 540 1048 ²).
584 963 778 1028 Adolescenti
803 966 853 1030 isti
874 967 1012 1029 morbum
1040 967 1151 1050 ingerit
1173 967 1249 1030 dae-

151 1097 222 1142 mon
243 1077 400 1160 ingluviei,
422 1077 472 1157 qui
494 1095 532 1138 ex
543 1076 649 1139 ordine
661 1085 708 1140 est
730 1095 845 1152 eorum,
858 1076 908 1156 qui
931 1077 1014 1159 ignei
1034 1086 1190 1140 vocantur.
1213 1077 1248 1140 ln

151 1190 215 1252 uita
226 1190 255 1253 S.
267 1189 401 1268 Antonii,
422 1189 473 1250 ubi
488 1187 525 1250 de
537 1188 733 1252 daemonibus
749 1189 835 1270 large
853 1188 1013 1252 disseritur
1023 1186 1066 1271 ³),
1089 1187 1163 1250 ordo
1179 1187 1249 1268 qui·-

153 1301 221 1364 dem
231 1301 389 1384 igneorum
401 1301 578 1362 daemonum
590 1317 651 1362 non
662 1301 864 1382 distinguitur.
886 1301 932 1362 De
941 1299 1084 1383 gradibus
1095 1317 1170 1364 vero
1182 1299 1251 1362 dae

152 1428 273 1474 ruonum
284 1412 421 1474 scribens
433 1411 630 1475 Tritbemius:
657 1410 770 1490 ,Multi
793 1411 896 1492 inquit,
920 1419 989 1474 sunt
1008 1409 1252 1493 generadaemoa

151 1539 221 1582 num
237 1530 267 1584 et
282 1521 371 1586 certis
384 1522 464 1584 inter
483 1540 516 1584 se
531 1522 675 1604 gradibus
692 1521 810 1600 distant,
832 1521 948 1584 ratione
960 1520 1109 1600 locorum,
1129 1521 1160 1582 in
1174 1539 1252 1601 quae

151 1633 291 1696 cadentes
314 1651 331 1695 a
351 1633 500 1714 principio
523 1641 594 1696 sunt
615 1633 737 1696 detrusi.
783 1631 1045 1712 Primumquidem
1064 1650 1161 1714 genus
1175 1633 1251 1694 dae-

150 1763 272 1806 monum
294 1744 459 1824 appellatur
480 1744 612 1826 igneum.
659 1744 744 1818 Quod
757 1745 838 1805 eirca
859 1744 1047 1824 superiorem
1068 1752 1251 1826 pervagatur

151 1873 263 1933 aerem,
286 1872 496 1934 necunquam
519 1864 586 1918 ante
607 1854 709 1916 iudicii
732 1854 808 1916 diem
831 1854 868 1916 ad
890 1853 1033 1916 inferiora
1055 1853 1251 1936 demergitur,

151 1967 206 2030 sed
228 1967 370 2030 continuo
393 1966 448 2029 sub
470 1965 647 2047 regionibus
673 1973 882 2046 permanantes
904 1965 1115 2028 sublunaribus
1137 1967 1251 2028 nullum

151 2077 263 2138 habent
278 2075 527 2138 cumbominibus
549 2075 579 2137 in
597 2085 679 2139 terra
700 2075 912 2138 commercium
924 2071 987 2158 Ψ
1012 2076 1107 2150 Quam
1129 2075 1252 2140 Trilhe-

152 2188 205 2248 mii
245 2186 476 2266 descriptionem
515 2187 675 2268 igneorum
712 2187 889 2250 daemonum
930 2185 1057 2248 maxima
1095 2203 1134 2248 ex
1165 2193 1252 2267 parte

151 2297 253 2360 falsam
284 2315 353 2361 esse
387 2299 465 2360 bene
498 2298 601 2362 Delrio
636 2299 856 2379 animadvertit,
897 2299 947 2380 qui
973 2305 1072 2360 tamen
1102 2296 1252 2378 concedit,

151 2409 258 2492 igneos
281 2409 349 2472 ideo
373 2409 476 2472 vocari
499 2409 671 2490 daemones,
699 2411 768 2490 quia
789 2411 820 2472 in
842 2409 922 2471 aeris
944 2409 1071 2490 regione
1093 2407 1253 2488 superiore

150 2531 288 2586 maneant
299 2518 342 2604 ⁵).
386 2521 445 2584 Sed
467 2521 615 2584 Palladius
638 2522 823 2600 daemonem,
846 2521 898 2600 qui
921 2519 1141 2582 adolescentem
1163 2519 1253 2580 istum

150 2631 291 2712 agitabat,
313 2632 436 2712 igneum
458 2630 526 2692 ideo
547 2640 649 2708 uocat,
669 2632 740 2711 quia
761 2632 831 2710 cibi,
860 2648 937 2710 quos
958 2629 1062 2693 infelix
1089 2630 1148 2692 iste
1175 2645 1252 2690 evo-

151 2741 262 2824 mebat,
282 2751 421 2820 tanquam
433 2741 506 2822 igne
523 2741 790 2816 consumebantur;
814 2759 907 2821 quare
922 2741 1046 2802 daemon
1064 2739 1115 2803 ille
1131 2749 1255 2822 propter

149 2860 288 2914 naturam
321 2867 416 2930 suam,
450 2869 526 2932 quae
561 2851 625 2934 igni
655 2852 825 2932 comparari
857 2860 967 2934 potest,
1000 2869 1097 2930 neque
1129 2859 1254 2932 propter

150 2980 235 3024 suam
257 2963 287 3024 in
311 2981 382 3024 aere
404 2962 613 3028 habitationem
631 2963 740 3046 igneus
754 2971 889 3026 vocatur.
934 2961 1121 3026 Adolescens
1144 2963 1252 3024 vincu-

149 3073 188 3136 lis
218 3073 358 3136 astrictus
387 3073 424 3136 ad
452 3075 613 3137 Macarium
635 3075 772 3156 ducitur3
805 3073 990 3138 daemoniaci
1011 3074 1102 3155 euim,
1131 3090 1170 3135 ne
1191 3089 1252 3134 no-

150 3193 249 3263 ceant,
271 3183 399 3248 vinculis
421 3185 588 3274 constringi
611 3182 802 3268 solebant.⁶)

238 3295 270 3380 §-
296 3295 345 3360 16.
389 3295 414 3361 E
446 3297 549 3360 verbis
576 3297 705 3378 denique
737 3295 868 3377 Palladii,
905 3297 1015 3376 quibus
1048 3295 1251 3358 narrationem

150 3407 202 3474 ille
235 3408 273 3472 de
305 3407 436 3474 Macario
471 3408 623 3492 Aegyptio
662 3408 825 3486 concludit,
864 3407 982 3490 quando
1018 3406 1068 3468 hic
1104 3405 1252 3470 Macarius

150 3528 291 3583 mortuus
309 3519 358 3598 sit,
381 3519 564 3584 definiamus.
591 3519 756 3584 Palladius:
782 3518 878 3601 ,Ego
902 3519 1008 3600 inquit,
1031 3529 1165 3584 sanctum
1187 3519 1253 3598 ipse

180 3711 207 3778 1)
229 3710 279 3767 Vit.
300 3711 326 3766 S.
345 3711 405 3772 Ant,
435 3713 462 3764 in
482 3711 535 3766 vv.
556 3707 605 3766 PP.
629 3710 719 3766 Rosw.
748 3723 805 3775 cap.
833 3708 880 3763 36.
921 3673 987 3776 opp]
1014 3707 1107 3762 Alban.
1137 3722 1194 3773 cap.
1215 3701 1252 3758 64

196 3889 207 3958 )
229 3795 352 3946 ¹l)lll.6⁷l'4l’.
372 3890 461 3946 llosw.
480 3888 527 3940 lib.
550 3888 596 3952 IX,
616 3903 674 3955 cap.
699 3889 733 3941 13
753 3903 780 3954 p.
803 3887 868 3950 830,
893 3890 917 3944 1.

196 3977 287 4047 illita
307 3980 333 4036 S.
352 3980 412 4037 Aut.
432 3981 459 4030 in
481 3975 547 4044 Opp.
568 3977 662 4034 tithan.
683 3993 741 4044 cap.
767 3974 890 4030 22-43.

177 3895 194 3946 2

176 3981 194 4032 3

177 4065 210 4137 4)
230 4067 287 4120 Lib.
310 4077 409 4136 quaest,
431 4067 463 4118 ad
484 4065 605 4122 blaximil.
627 4063 701 4123 Caes.
722 4082 747 4134 q.
770 4065 800 4121 V.
840 4063 880 4118 Cf.
898 4065 988 4120 Delrio
1008 4059 1252 4129 disquistttmagtc.

230 4158 276 4209 lib.
299 4157 324 4209 ll
346 4158 376 4222 Q.
397 4160 432 4211 27
455 4158 522 4212 Sect.
544 4158 571 4210 2.

179 4247 208 4315 5)
229 4245 318 4299 Dolrio
339 4247 453 4315 Disquis.
473 4248 564 4315 magio.
584 4245 602 4296 l.
624 4244 644 4297 l.

180 4336 210 4398 6)
231 4335 417 4388 Daemouiacos
437 4337 535 4388 catenis
557 4342 677 4386 oneratos
698 4333 791 4386 adduci
819 4333 885 4401 legis
905 4333 931 4382 iu
952 4329 1005 4384 vtt.
1026 4325 1153 4385 Hilarion.
1174 4341 1250 4394 capp.

235 4429 278 4484 tt.
301 4426 345 4490 13,
365 4434 391 4478 et
410 4427 549 4478 innumeris
570 4424 628 4476 aliis
650 4423 724 4476 locis.
