2990 4986
581 343 827 418 ...27-

158 547 257 628 Atque
274 547 383 612 librum
397 544 499 624 istum,
522 546 574 625 qui
595 546 626 608 in
639 544 819 608 collectione
829 543 983 608 Rosweidi
1003 543 1144 610 idiomate
1165 547 1256 613 latino

158 667 251 740 extat,
272 657 412 740 primitus
434 673 547 738 graece
568 657 713 736 seriptum
735 655 840 735 inisse,
868 656 894 720 si
915 665 1016 720 textus
1038 657 1143 739 moaci
1172 657 1260 742 irog-

158 779 257 834 menta
278 767 461 835 aGotelerio
484 767 605 850 vulgata
622 765 654 852 ι)
676 775 728 831 aut
749 767 926 851 fragmenta,
948 785 1025 848 puae
1046 769 1077 831 in
1089 769 1164 834 Hist.
1177 771 1260 832 Lau-

158 883 238 946 eiaca
251 881 442 945 bieursianae
464 877 602 941 editionis
625 887 745 941 servata
759 887 829 942 sunt
839 875 884 961 ²),
906 877 1080 956 contuleris,
1102 877 1189 944 facile
1207 879 1261 944 tibi

159 991 364 1072 persuadebis.
409 989 512 1069 ltaque
539 989 596 1050 iam
626 987 665 1051 de
687 988 863 1069 interprete,
890 1005 962 1050 num
983 987 1108 1053 Rufinus
1136 991 1176 1054 sit
1202 1007 1262 1054 nec

159 1120 209 1183 ne,
230 1111 371 1194 accurate
391 1101 554 1178 videamus.

246 1213 293 1275 Ac
315 1213 442 1292 primum
464 1210 596 1291 quidem,
618 1209 688 1289 quia
709 1210 740 1270 in
761 1208 841 1272 libro
862 1209 997 1273 secundo
1019 1209 1169 1274 Macarius
1185 1210 1263 1274 Ale-

159 1322 335 1402 xandrinus,
358 1323 407 1402 qui
419 1322 549 1384 Palladio
572 1320 691 1384 oculato
713 1328 792 1384 teste
813 1321 845 1383 in
856 1320 956 1384 Galliis
978 1319 1107 1405 vixit⁸),
1128 1323 1160 1384 in
1175 1321 1263 1388 Scete

157 1433 307 1498 habitasse
319 1433 429 1495 dicitnr
437 1429 483 1515 ⁴),
502 1448 590 1493 nemo
612 1430 782 1510 inducatur,
806 1439 840 1494 ut
861 1441 981 1510 statuat,
1003 1432 1143 1494 Rufinum
1164 1433 1264 1497 inter-

157 1553 273 1624 pretem
295 1559 357 1605 non
379 1559 461 1621 esse,
490 1540 600 1621 quippe
621 1541 691 1620 qui,
714 1540 740 1604 si
762 1539 877 1618 fuisset,
900 1542 990 1604 talem
1012 1557 1162 1622 errorem,
1193 1543 1263 1623 quia

160 1671 231 1716 cum
254 1653 391 1717 Macariis
413 1653 479 1734 ipse
511 1661 650 1717 versatus
682 1659 740 1732 est,
773 1653 968 1732 correxisset.
1013 1652 1089 1717 Nam
1110 1671 1200 1716 error
1221 1653 1264 1718 illi

157 1763 298 1828 relationi
318 1782 380 1827 non
401 1763 491 1841 inest,
515 1781 607 1843 quum
629 1762 778 1826 Macarius
800 1763 1024 1828 Alexandrinus
1046 1765 1153 1828 eodem
1168 1763 1262 1826 Palia-

159 1874 211 1937 dio
232 1883 311 1939 teste
332 1892 394 1936 non
415 1875 447 1936 in
468 1873 568 1938 celliis
589 1875 697 1954 solum,
727 1875 781 1938 sed
803 1875 955 1938 interdum
983 1876 1014 1940 in
1035 1873 1124 1939 Scato
1144 1891 1264 1955 qnoque

159 1985 311 2063 habitarit,
332 1984 385 2046 ubi
408 1983 513 2046 celiam
533 1981 689 2067 habuit⁵).
734 1984 849 2047 Deinde
861 1984 996 2064 Rufinus,
1018 1985 1090 2048 licet
1112 1985 1142 2046 in
1165 1987 1264 2049 inter·

160 2095 314 2176 protendis
334 2093 420 2156 libris
442 2111 557 2157 summa
586 2111 654 2156 cum
683 2093 822 2158 libertate
854 2105 1018 2174 versetur,
1050 2095 1103 2158 uix
1135 2111 1265 2176 umqum

158 2216 259 2270 tamen
281 2217 376 2272 artem
398 2206 532 2271 criticam
559 2205 603 2270 sic
631 2207 786 2286 exercuit,
813 2215 849 2268 ut
878 2207 1056 2288 scriptorem
1089 2205 1264 2271 emendarit.
1304 2213 1305 2216 ’

161 2319 280 2396 Quare,
301 2317 328 2380 si
350 2317 482 2398 scriptor
503 2325 653 2397 errasset,
685 2317 715 2382 id
744 2335 762 2380 a
783 2315 890 2382 Rufino
914 2327 1087 2382 correctum
1109 2335 1178 2381 esse
1211 2317 1264 2378 vix

160 2430 315 2510 expectari
343 2437 455 2508 posset.
486 2427 624 2509 Denique
643 2447 715 2491 num
733 2429 855 2492 omnino
866 2429 1003 2508 Rufinus,
1026 2427 1129 2508 quiin
1151 2445 1266 2492 summa

159 2541 212 2604 iiia
232 2558 336 2604 rerum
357 2539 593 2619 perturbatione,
615 2557 707 2619 quum
721 2540 834 2602 Lucius
856 2540 1018 2602 monachos
1040 2539 1135 2600 eremi
1157 2536 1266 2618 exagi-

160 2658 253 2728 taret,
273 2649 422 2711 Macarios
442 2650 474 2735 in
484 2648 581 2711 Nitria
593 2649 735 2712 convenit
749 2647 793 2732 ⁶),
816 2650 854 2712 de
874 2649 1055 2714 habitatione
1078 2649 1267 2731 singulorum

161 2770 224 2825 tam
246 2769 387 2824 accurate
409 2758 536 2823 edoctus
556 2757 673 2839 fuerit,
692 2759 852 2823 admodum
873 2769 972 2841 potest
994 2759 1132 2825 dubitari.
1175 2759 1267 2824 istinc

159 2872 257 2956 igitur
279 2871 351 2932 nibil
366 2871 475 2946 obstat,
497 2871 657 2950 quominus
672 2871 810 2936 Rufinum
833 2873 903 2935 libri
924 2869 1051 2936 secundi
1071 2873 1267 2954 interpretem

160 3000 232 3048 esse
253 2982 395 3046 dicamus.

247 3091 309 3155 lam
337 3109 448 3174 porro,
481 3091 562 3173 quod
595 3091 733 3156 Rufinum
769 3095 964 3175 interpretem
994 3109 1063 3156 esse
1091 3093 1268 3174 comprobet

161 3215 284 3288 praeter
295 3203 472 3287 Hieronymi
493 3205 587 3268 uerba
609 3213 640 3268 et
662 3205 800 3268 codicum
822 3206 999 3283 testimonia,
1023 3205 1101 3269 audi.
1132 3204 1167 3268 in
1189 3204 1267 3270 libro

161 3319 245 3383 enim
273 3317 420 3396 seeundo,
445 3296 484 3380 in*
505 3317 565 3380 fine
593 3318 800 3382 narrationum
822 3318 860 3382 de
882 3318 1020 3382 Macariis
1048 3318 1148 3382 locum
1177 3317 1267 3398 legis,

161 3429 217 3512 qui
248 3447 266 3491 a
296 3427 417 3490 nemine
444 3427 503 3490 nisi
533 3445 550 3491 a
571 3428 678 3493 Rufino
700 3429 831 3510 scriptus
853 3445 922 3494 esse
943 3438 1051 3510 potest
1095 3429 1196 3495 Locus
1217 3427 1267 3490 bic

161 3553 399 3567 m

142 3637 148 3650 ,
193 3602 223 3666 1)
246 3599 356 3660 Cotcler.
382 3605 453 3660 Mon.
479 3605 539 3656 Ecc.
570 3601 661 3664 Graec.
695 3604 723 3657 Τ.
746 3607 786 3660 111
817 3621 842 3674 p.
873 3600 1033 3658 171-184.
1075 3601 1142 3672 Opp.
1171 3603 1265 3655 bieurs.

243 3690 261 3746 t.
282 3691 300 3748 1.
320 3707 345 3758 p.
367 3691 423 3744 aas
444 3709 501 3762 sqq.
562 3680 569 3689 ’

191 3779 224 3844 2)
245 3779 324 3831 Multa
344 3781 412 3832 enim
428 3780 488 3832 libri
509 3783 584 3834 istius
603 3783 690 3850 capita
709 3796 803 3851 graece
822 3783 849 3835 in
870 3783 937 3840 diist.
957 3781 1082 3836 Lausiaca
1101 3781 1165 3850 legi,
1188 3793 1268 3846 supra

245 3871 285 3935 (p.
309 3870 358 3936 23)
380 3871 548 3924 ostendimus

193 3958 225 4022 3)
248 3957 313 4010 Hist.
335 3958 411 4015 Laus.
438 3961 479 4017 ed.
500 3963 594 4018 Menrs.
620 3975 678 4027 cap.
698 3963 734 4016 21
763 3959 830 4030 Opp.
850 3963 945 4019 Menas.
973 3962 991 4019 t.
1019 3961 1036 4018 i.
1062 3975 1088 4026 p.
1120 3957 1186 4016 396.
1231 3959 1265 4013 ci.

244 4047 313 4099 inira
332 4057 410 4114 caput
431 4051 479 4104 111.

194 4135 227 4204 d)
247 4139 310 4191 VV.
333 4143 385 4194 ΡΙ).
406 4139 494 4196 Rorw.
514 4137 559 4194 lib.
580 4143 616 4205 ΙΙ,
639 4141 674 4196 29
695 4157 721 4207 p.
742 4136 808 4204 481,
831 4145 856 4196 t.

198 4227 227 4293 5)
249 4228 316 4280 Hist.
338 4227 414 4283 Laus.
434 4227 453 4280 i.
475 4227 493 4280 l.
516 4244 542 4295 p.
565 4225 630 4288 408.

198 4317 229 4383 b)
249 4318 316 4370 Hist.
339 4316 440 4370 Eccles.
462 4317 547 4370 Rufini
568 4319 614 4372 lib.
637 4319 670 4384 X,
691 4315 718 4373 4.
739 4317 779 4370 ed.
803 4317 820 4374 Ι.
840 4332 865 4384 p.
889 4313 953 4372 242.
