2990 4986
596 309 841 383 „51-

166 523 265 568 metun
288 522 362 586 opus
385 523 455 568 non:
469 523 538 570 esse
567 507 659 584 scito;
691 528 758 585 nam
780 519 885 574 contra
911 513 967 578 hos
988 515 1112 595 spiritus
1133 520 1267 590 nondum

166 618 287 680 omnino
318 619 442 681 certavi.
500 618 568 682 Duo
599 621 678 682 enim
711 617 828 703 agmina
854 624 1031 688 daemonum
1068 645 1137 691 esse
1170 633 1267 696 sancti

165 728 265 807 aiunt,
299 747 392 792 unum
415 747 533 809 eornm,
561 733 612 812 qni
633 731 772 796 libidines
795 737 916 816 corpori
938 737 1106 820 infundunt,
1139 740 1267 804 alterum

166 857 283 919 eorum,
306 843 358 921 qui
380 843 549 921 spirituales
573 843 703 908 allerunt
724 863 856 908 errores.
891 849 977 922 Quod
999 850 1117 929 quidem
1139 853 1267 916 alterum

166 969 265 1034 genus
288 950 409 1014 difficile
432 963 478 1016 est
499 953 536 1016 ud
557 955 766 1038 subigendum.
812 958 873 1021 llos
895 961 976 1022 enim
998 970 1115 1025 satanas
1136 965 1268 1030 immittit
1381 972 1384 980 '

167 1062 263 1143 magis
286 1070 317 1124 et
339 1063 546 1128 seductoribus
575 1074 606 1128 et
634 1065 854 1130 haeresiarchis
884 1077 915 1132 et
944 1069 1086 1136 veneficis
1109 1077 1186 1138 etsi
1216 1078 1268 1156 qui
1296 1097 1301 1104 “
1380 1055 1389 1072 ’

169 1173 219 1235 alii
239 1170 278 1236 id
292 1174 414 1255 generis
429 1185 507 1239 sunt.
552 1175 594 1240 Αι
615 1177 790 1258 episcopus:
826 1180 904 1254 Quid
927 1199 1013 1264 ergo,
1045 1184 1151 1264 inquit,
1171 1184 1267 1248 lacie-

163 1286 257 1348 -musl
290 1285 463 1366 Respondet
485 1303 596 1350 senex:
633 1289 778 1352 Precibus
801 1308 877 1370 opus
900 1301 963 1368 est;
992 1311 1062 1356 nam
1083 1312 1184 1360 sermo
1207 1299 1268 1360 nou

167 1395 293 1476 prolicit.
345 1395 453 1460 lubeat
475 1398 570 1480 igitur
599 1400 767 1479 procedere
805 1403 1007 1482 seductorem,
1037 1405 1122 1484 isque
1148 1403 1267 1471 ad'eos

167 1523 312 1587 egressus
340 1517 396 1574 est.
442 1509 537 1583 Quem
568 1511 669 1573 statim
701 1511 859 1592 episcopus
888 1512 993 1595 lingua
1021 1515 1160 1577 adortus:
1196 1516 1268 1600 Cur,

167 1616 272 1696 inquit,
293 1623 377 1678 tanto
399 1620 545 1697 temporis
562 1621 660 1700 spatio
677 1621 835 1684 nobiscum
857 1639 918 1685 non
939 1625 1190 1688 communicasti?
1213 1627 1269 1693 Cui

168 1725 233 1788 ille:
257 1726 342 1805 Ouia,
372 1727 480 1806 inquit,
501 1745 563 1790 nan
585 1739 670 1792 recte
691 1731 817 1794 sentitis.
862 1731 938 1794 Tum
960 1739 1082 1798 sanctus
1103 1737 1269 1802 Macarius:

168 1839 253 1900 'lune
275 1838 378 1920 igitur,
401 1837 509 1918 inquit,
531 1847 616 1900 recte
634 1841 755 1904 sentis?
779 1840 855 1904 Sane
875 1843 1005 1923 quidem,
1028 1845 1079 1908 ille
1096 1849 1270 1928 respondet.

167 1949 333 2012 Macarius:
363 1949 441 2024 Quid
464 1965 537 2012 vero
566 1959 623 2028 est,
655 1950 736 2030 qnod
758 1957 791 2012 tu
811 1953 930 2016 sentis?
975 1950 1046 2016 llle:
1075 1956 1154 2019 Num
1186 1967 1270 2022 reete

171 2060 317 2139 creditur,
347 2038 469 2122 caruem
502 2069 533 2122 et
562 2078 632 2124 ossa
667 2063 832 2124 suscitari?
876 2061 1002 2128 Sanetus
1026 2067 1205 2146 respondet:
1240 2066 1272 2132 st

169 2193 210 2238 ex
243 2171 329 2234 nobis
361 2171 524 2252 loquimar,
554 2173 632 2234 bene
669 2171 814 2252 loqueris.
875 2173 927 2236 Sin
956 2176 1069 2240 ueritas
1104 2177 1135 2238 id
1167 2178 1271 2254 voluit,

170 2282 241 2359 quid
274 2282 472 2363 obloqueris?
534 2282 594 2346 Sed
634 2300 674 2343 ne
715 2281 806 2344 multu
837 2283 930 2345 verba
965 2285 1142 2366 perdamus,
1176 2288 1272 2352 dicam

170 2391 235 2468 tibi,
264 2392 335 2472 quid
356 2392 546 2468 sentiamus3
571 2392 679 2472 quibus
710 2393 736 2454 si
766 2393 953 2471 assentieris,
981 2395 1059 2456 bene
1087 2395 1192 2475 facies,
1225 2399 1272 2458 siu
1333 2420 1339 2443 =

171 2503 289 2581 minus,
330 2503 395 2566 Deo
430 2520 604 2585 repugnas,
637 2503 724 2564 cuius
761 2501 902 2584 dogmata
939 2506 1067 2582 spernis.
1127 2505 1169 2568 Αι
1207 2504 1269 2568 illo:

170 2614 250 2694 Ego,
284 2614 391 2692 iuquit,
422 2611 507 2693 prior
537 2613 626 2674 fidem
659 2631 755 2674 meant
788 2631 945 2693 exponam.
1001 2615 1077 2676 'lum
1108 2615 1272 2679 Macarius:

173 2724 279 2801 Pravo,
303 2723 353 2802 ait,
374 2723 449 2786 fides
471 2740 510 2784 ne
533 2723 716 2800 nominetur,
739 2722 793 2784 sed
815 2722 948 2786 dicamus
972 2723 1148 2787 catholicam
1170 2727 1273 2789 eccle-

172 2833 236 2896 siae
258 2833 355 2896 lidem.
384 2833 424 2896 Et
445 2834 544 2898 statim
566 2833 663 2897 innuit
685 2833 838 2913 episcopo,
860 2842 893 2897 ut
915 2853 980 2896 earu
1002 2836 1185 2916 profiteatur.
1215 2837 1272 2913 Qui

172 2945 387 3008 circumstante
426 2944 537 3025 populo
578 2941 681 3025 incipit
712 2945 801 3008 fidem
834 2946 875 3008 ita
908 2965 1076 3026 exponere:
1111 2947 1208 3010 Credo
1241 2949 1272 3011 in

173 3072 267 3117 unum
279 3055 386 3136 Deum,
409 3065 525 3136 patrem
538 3048 782 3137 omnipotentem,
806 3065 837 3120 ει
859 3058 890 3119 in
902 3059 1098 3123 coessentiale
1110 3061 1175 3123 eius
1198 3077 1274 3122 ver·

174 3166 256 3246 bum,
278 3185 332 3248 per
354 3143 435 3248 qnod
459 3185 531 3230 aeva
554 3167 635 3247 fecit,
666 3168 746 3248 quod
775 3169 805 3229 in
828 3169 1084 3232 consummatione
1105 3179 1274 3252 temporum

173 3278 204 3342 in
227 3279 417 3342 abolitionem
440 3281 555 3360 peccati
577 3281 714 3360 apparuit
734 3280 765 3342 in
788 3297 890 3358 carne,
913 3297 1001 3359 quarn
1023 3297 1041 3342 e
1062 3291 1165 3346 sancta
1182 3283 1275 3344 Maria

174 3390 294 3472 virgine
307 3401 492 3470 susceperat,
504 3391 584 3472 quod
595 3391 784 3470 crucifixum,
807 3399 958 3453 mortuum
971 3398 1000 3453 et
1012 3391 1161 3471 sepultum
1175 3401 1232 3471 est,
1244 3401 1276 3456 et

174 3501 346 3564 resurrexit
372 3503 460 3564 tertia
482 3502 531 3564 die
563 3501 708 3582 sedetque
742 3500 779 3564 ad
811 3501 946 3563 dextram
978 3501 1083 3580 patris,
1113 3519 1148 3563 ac
1176 3501 1275 3567 denuo

175 3619 337 3674 venturum
352 3621 399 3675 est
419 3613 450 3673 in
472 3621 609 3692 tempure
625 3611 737 3692 futuro,
759 3611 997 3674 indicaremivos
1020 3620 1050 3674 et
1071 3621 1225 3685 mortuos:
1247 3619 1277 3672 et

175 3720 207 3782 in
222 3722 360 3801 spiritum
382 3731 528 3801 sanctum,
551 3725 628 3803 patri
651 3723 777 3804 eiusque
799 3723 894 3786 verbo
917 3723 1145 3787 coessentialem
1152 3739 1162 3797 ;
1184 3720 1276 3782 crede

177 3829 207 3890 in
228 3832 485 3896 resurrectionem
508 3849 628 3912 quoque
649 3832 765 3894 animae
787 3839 818 3894 et
840 3833 989 3912 eorporis,
1024 3833 1101 3894 sicul
1124 3829 1277 3910 apostolus

176 3939 234 4004 ait:
268 3941 435 4006 seminatur
465 3959 577 4023 eorpus
606 3942 751 4022 naturale,
781 3939 943 4006 suscitatur
972 3953 1082 4020 corpus
1112 3937 1277 4018 spirituale,

176 4059 206 4114 et
229 4067 351 4115 rursus:
385 4053 511 4133 Oportet
533 4054 612 4115 enim
635 4053 831 4135 corruptibile
857 4055 914 4117 hoc
943 4052 1071 4115 induere
1092 4049 1278 4128 incorrupti·

175 4159 330 4224 bilitatem.
376 4163 448 4226 Post
468 4163 546 4225 haec
568 4163 717 4226 Macarius
738 4165 908 4228 haeretico:
938 4161 1041 4240 Vides,
1072 4160 1178 4241 inquit,
1208 4155 1279 4240 quid

177 4271 266 4334 dicat.
311 4271 340 4336 ls
369 4290 445 4337 vora
468 4275 649 4354 respondet:
681 4275 753 4340 Mihi
772 4275 895 4354 quidem
923 4292 942 4336 ε
970 4270 1073 4336 verbis
1102 4272 1164 4336 noli
1190 4271 1278 4334 iidem

1048 4384 1087 4440 4.
