2974 4964
654 397 941 470 -ltam

254 611 371 696 suad),
396 608 572 688 ostendunt,
596 623 655 670 nec
677 603 942 686 nomentanum
966 605 1076 686 postea
1099 603 1234 684 scripsit,
1258 620 1346 665 com-

254 727 393 812 probant
436 721 551 788 Romae
573 733 664 800 quum
686 717 877 793 moraremur,
911 709 1096 806 complures.
1113 708 1232 774 nobiles
1256 708 1347 774 lemi-

253 853 310 900 nas
341 832 380 897 ad
406 829 596 915 propositum
622 825 807 910 virm‘nitatis
841 825 894 887 aut
919 817 1075 884 viduitatis
1108 817 1278 884 servandae
1314 824 1347 883 et

143 979 147 987 ·
252 943 291 1006 ad
313 939 526 1024 simpliciorem
549 937 641 1020 uitam
663 931 807 1011 traduxit,
830 933 1017 1012 quiapropter
1039 927 1125 992 multi
1146 947 1214 993 enm
1237 928 1344 994 onim·

251 1045 407 1136 galaad).
459 1045 493 1110 ln
515 1042 647 1128 epistola
669 1039 796 1124 quadam
830 1038 913 1102 circa
936 1053 1047 1100 annum
1070 1033 1133 1099 395
1169 1035 1283 1116 scripta
1304 1031 1345 1096 de

252 1159 405 1244 „Aegypti
428 1161 461 1220 et
483 1154 743 1236 Mesopotamiae,
772 1149 871 1228 Ponti,
893 1143 1106 1230 cappadociae
1127 1150 1161 1210 et
1178 1145 1344 1210 Armeniae

250 1264 440 1330 examinibus
462 1251 961 1340 monaenomm“lopumr⁸);sad
974 1255 1049 1318 etin
1069 1249 1154 1316 ltalia
1175 1251 1344 1328 monachos

249 1387 311 1432 non
323 1369 469 1452 doluisse,
485 1385 526 1431 ex
536 1367 585 1445 iis,
600 1382 678 1449 quae
691 1361 730 1428 de
747 1357 1029 1458 defuncta‘llahiola
1039 1375 1120 1422 anno
1133 1358 1197 1424 398
1210 1355 1343 1436 tradidit,
1389 1437 1392 1452 1

250 1472 439 1552 dromm‘).
461 1473 523 1537 lun
541 1489 581 1536 ex
592 1469 641 1538 his
653 1469 769 1555 panum,
782 1484 912 1552 manem
923 1465 1090 1530 cometam
1106 1463 1176 1528 data
1190 1463 1343 1547 Hieronp-

171 1613 174 1624 ·
250 1599 317 1648 mus
331 1582 532 1652 macariorum
547 1581 735 1670 mentionem
757 1577 878 1658 lecerit,
902 1573 1045 1661 colligam
1067 1579 1120 1640 ant
1143 1575 1223 1638 enim
1234 1576 1343 1654 amico,

250 1687 300 1766 qui
332 1684 370 1748 ad
394 1703 528 1750 eremum
550 1686 750 1752 llacariorum
782 1688 978 1763 accesserat,
1013 1679 1259 1768 congratulatur,
1291 1687 1344 1748 aut

250 1797 366 1860 amicos
384 1795 583 1862 Occidentem
601 1813 711 1862 versus
739 1793 914 1883 habitantes
938 1791 978 1857 ad
1000 1789 1138 1876 exempla
1161 1809 1267 1856 eornm
1289 1810 1346 1856 re-
1420 1800 1434 1816 ‘

248 1907 347 1965 vocat.
391 1901 493 1970 Locos
516 1908 628 1986 maante
649 1903 802 1986 potuimus
825 1886 984 1988 diligentia
1006 1898 1103 1962 hosce
1118 1901 1345 1983 congessimus.

162 2081 166 2096 Ι
336 2010 466 2074 Primum
481 2010 540 2076 lma
555 2016 679 2096 spectat
699 2009 832 2095 epistola
851 2011 870 2076 3
886 2008 925 2074 ad
947 2007 1085 2074 Rndnnun
1105 2007 1345 2091 Aqndeiensem,
1415 2029 1431 2045 ⁵

247 2119 559 2206 memmlegyptnu
570 2121 696 2186 venisse
704 2120 905 2203 Hieronymus
916 2117 1343 2199 munerataestatomniotl

250 2227 376 2309 scripta,
389 2229 420 2291 in
429 2245 500 2311 qua:
514 2227 640 2310 ,Prima
652 2229 759 2312 inqiut,
770 2228 918 2310 inopinati
926 2223 1029 2312 gaudii
1040 2223 1343 2314 ablleliodorolratre

136 2402 141 2410 ,
212 2396 230 2412 ‚
248 2333 375 2400 mihiest
394 2334 680 2422 nuntiateielicitas.
708 2336 778 2400 llou
807 2317 970 2400 credebam
984 2334 1206 2416 certum,quod
1223 2339 1345 2400 cemma

249 2455 323 2502 esse
347 2427 709 2527 cupiebampraesertim
732 2459 800 2508 oum
824 2446 856 2508 ct
871 2440 922 2508 ille
945 2441 983 2506 ab
1006 2441 1066 2506 alio
1089 2457 1125 2506 se
1148 2440 1272 2507 audisse
1295 2441 1345 2506 di-
1437 2465 1441 2470 ·

249 2555 344 2630 oeret,
358 2555 392 2616 ot
408 2554 455 2616 rei
471 2553 591 2618 novitm
605 2551 694 2618 fidem
713 2553 866 2618 sennonis
879 2551 1023 2618 auferret.
1047 2551 1177 2619 Rursum
1191 2571 1345 2638 suspensa

123 2738 126 2748 Ι
248 2664 330 2738 vota,
353 2664 571 2746 nutantemque
598 2667 730 2727 mentem
762 2661 882 2745 qnuidam
900 2643 1132 2728 'anemurum
1164 2664 1344 2746 monachus,

248 2771 300 2847 qul
322 2767 360 2830 ad
370 2768 541 2853 Aegyptios
564 2768 764 2834 confessores
788 2774 821 2834 et
842 2766 999 2834 voluntate
1021 2771 1080 2833 iam
1116 2775 1266 2853 martyres
1293 2773 1344 2852 pio

234 2869 346 2950 ,plebis
369 2874 428 2936 iam
469 2874 578 2940 dudum
604 2874 704 2940 marat
726 2877 927 2941 mnemiasus
962 2874 1130 2958 obsequio,
1163 2875 1343 2941 manifestus

162 3008 169 3014 ·
249 2981 288 3043 ad
314 2982 524 3048 credulitatem
559 2987 655 3050 nuntii
677 2989 792 3064 auctor
819 2985 986 3068 impulerat
1032 2987 1146 3050 Fateor
1178 2991 1212 3050 et
1231 2986 1262 3049 in
1285 2984 1344 3048 hoc

248 3111 345 3156 meam
367 3091 492 3160 labasse
516 3097 709 3160 sententiam.
754 3095 831 3158 llam
849 3113 917 3160 cum
940 3101 973 3160 et
995 3097 1123 3178 patriam
1146 3101 1229 3160 tuam
1251 3096 1345 3181 igno-
1402 3080 1408 3084 ⁵

242 3211 333 3296 raret
355 3209 387 3270 et
409 3224 537 3286 nomen,
568 3205 599 3269 in
622 3222 660 3269 eo
688 3194 791 3271 tamen
825 3204 893 3288 plus
916 3203 1077 3270 videbatur
1104 3203 1228 3283 afferre,
1263 3203 1345 3286 quod

248 3309 355 3375 eadem
379 3313 558 3392 asserebat,
582 3330 660 3394 quac
683 3311 742 3377 iam
765 3311 842 3376 allus
864 3309 1060 3377 indicaverat.
1115 3309 1250 3375 'landem
1271 3307 1344 3392 ple·

247 3437 317 3482 nmn
340 3421 478 3487 veritatis
501 3421 620 3505 pondus
644 3424 762 3506 erupit:
781 3411 935 3486 ‘Rufinum
964 3423 1042 3485 enirn
1065 3421 1182 3496 Nitriae
1214 3437 1289 3484 esse
1312 3427 1346 3484 et

248 3523 285 3587 ad
297 3525 421 3591 oeatun
433 3531 611 3612 perrexisse
622 3529 786 3593 linearium
810 3526 919 3591 crebra
941 3528 1172 3590 commeantium
1183 3521 1344 3589 multitudo

247 3629 409 3696 referebat.
466 3617 527 3699 Hic'
542 3651 617 3698 varo
640 3639 707 3698 tota
730 3611 918 3698 credulitatis
940 3631 1027 3696 uena
1056 3631 1181 3712 laxari,
1216 3637 1249 3695 et
1269 3637 1345 3696 tune

120 3769 131 3776 -
247 3757 329 3808 sere,
347 3747 508 3826 aegrotum
531 3759 605 3806 esse
628 3759 677 3804 me
692 3741 790 3806 dolui.
839 3740 879 3806 Et
901 3741 960 3805 nisi
982 3759 1031 3806 mc
1054 3743 1203 3808 attenuati
1225 3753 1347 3824 corpo-¹

137 3925 140 3932 Ι
246 3847 290 3909 ris
313 3848 395 3912 vires
419 3847 545 3930 quadam
569 3847 715 3930 compede
738 3845 996 3933 praepedissent,
1019 3867 1076 3914 neo
1099 3848 1217 3914 mediae
1240 3847 1345 3913 lervor

250 4019 425 4028 -—-..-.·--.⁶.
439 4022 468 4039 ..-
492 4022 508 4026 .-

256 4139 292 4210 ·1)
311 4143 355 4196 Gi.
374 4145 444 4209 opp.
464 4146 577 4196 lileroo.
598 4148 638 4196 ed.
658 4145 762 4210 Migne.
783 4145 813 4196 Τ.
834 4147 843 4193 l
864 4146 954 4196 l’raet.
975 4157 999 4206 p.
1017 4115 1043 4194 ¹la
1062 4155 1104 4208 sq.

265 4233 738 4303 mmmmmmmm

264 4320 295 4386 3)
314 4323 365 4386 np.
384 4324 418 4378 oo
438 4326 509 4389 0pp.
528 4325 644 4376 illerum.
658 4327 706 4376 ed.
727 4325 745 4375 l.
766 4327 795 4377 Τ.
816 4327 828 4375 1
847 4339 872 4389 p.
891 4323 951 4378 381.
988 4317 994 4326 ’

265 4410 293 4480 t)
313 4415 362 4479 lip.
384 4416 416 4468 73
437 4418 643 4479 opp-uteros.
665 4417 705 4468 ed.
726 4417 746 4469 l.
768 4419 798 4468 Τ.
818 4419 831 4466 l
849 4429 876 4480 p.
898 4407 962 4469 till.v
1069 4415 1081 4428 '
