2974 4964
562 394 830 468 -101-

148 595 229 658 disse
266 595 379 677 legitur
392 581 456 676 ¹).¹
489 580 619 656 Ammon
652 611 789 674 quoque,
823 610 913 674 quum
948 595 1127 658 sacrificium
1157 597 1247 662 oller-

147 714 207 784 ret,
235 704 310 770 vidit
338 705 481 787 angelum
510 712 638 768 stantem
667 705 698 766 in
734 705 841 768 dextra
862 705 974 786 altaris,
1006 707 1175 788 fratresque
1208 709 1249 772 ad

145 833 263 880 sacram
286 816 526 878 communionem
548 814 727 880 accedentes
755 815 797 886 in¹
813 815 890 879 libro
913 825 1064 880 notantem
1073 815 1117 900 ²).
1161 817 1248 881 Alius

146 929 237 991 etiam
259 943 354 990 senex
376 925 554 989 sacrificanti
575 926 633 988 sibi
654 926 790 990 adextra
811 935 843 990 et
865 945 882 989 a
903 928 1024 992 sinistra
1045 927 1170 1010 angelos
1192 928 1249 990 ad-

146 1045 260 1100 stantes
281 1037 395 1100 uidisse
416 1043 561 1099 narratur
577 1033 618 1118 ³).
663 1035 710 1098 Ac
731 1037 895 1100 Macarium
917 1037 1091 1120 dignitatem
1123 1037 1173 1100 vel
1197 1039 1248 1100 in-

147 1149 323 1231 dignitatem
342 1165 457 1226 corum,
476 1147 527 1226 qui
543 1147 579 1209 ad
595 1145 688 1210 altare
709 1129 902 1226 accedebant,
924 1133 1108 1230 cognovisse
1120 1147 1248 1230 legimus

145 1259 225 1321 libro
254 1255 439 1342 secundo⁴].
485 1257 571 1332 Quod
602 1257 681 1320 idem
710 1257 749 1320 de
778 1259 881 1320 Marco
915 1275 988 1320 sene
1017 1257 1203 1322 Sozomanus
1216 1256 1247 1342 ⁵)

101 1423 106 1431 .
145 1369 260 1447 retulit,
282 1369 441 1431 Palladium
463 1369 596 1452 secutus.

229 1479 297 1544 lstis
327 1489 426 1544 autem
447 1481 563 1544 verbis:
595 1475 787 1562 Πολιοφάγε,
821 1479 907 1562 ilipa,
938 1475 1108 1562 payo'yppc,
1138 1477 1247 1558 quibus

144 1589 303 1670 Macarius,
335 1609 426 1671 quum
458 1591 490 1652 in
522 1599 657 1654 extrema
687 1598 844 1654 senectute
875 1591 907 1652 in
937 1589 1012 1652 cella
1045 1590 1176 1668 sederet,
1212 1606 1247 1653 se
1355 1595 1358 1602 ’

143 1701 210 1782 ipse
231 1701 387 1781 increpuit,
415 1699 445 1764 S.
474 1700 606 1768 Antonio
627 1709 658 1764 et
683 1701 775 1764 Paulo
801 1701 926 1781 simplici
949 1700 1124 1764 daemonem
1146 1718 1247 1782 quen-

145 1812 213 1874 dam
235 1811 426 1874 maledixisse
448 1789 578 1894 legislj.
622 1811 728 1892 Neque
759 1813 930 1894 incongrue
961 1813 998 1874 iis
1028 1811 1106 1874 diota
1134 1819 1247 1875 contu-

145 1923 279 2010 meliosa,
301 1923 409 2001 quibus
431 1940 546 1984 summa
566 1923 781 2010 incontinentia
803 1922 999 2005 significetur,
1022 1939 1137 1985 cernas.

232 2031 277 2094 llo
299 2031 396 2094 caecis
417 2032 551 2114 hyaenae
572 2033 623 2095 vel
644 2033 776 2096 leaenae.
791 2033 898 2096 catulis
927 2052 944 2095 a
973 2049 1047 2096 sene
1075 2032 1170 2094 eremi
1192 2017 1250 2094 sa·-¹

144 2143 221 2205 natis
254 2145 341 2206 ctiam
377 2141 519 2224 Sulpitius
551 2141 683 2208 Severus
713 2133 834 2207 tradidit
849 2141 892 2228 ⁷),
924 2144 975 2225 qui
1004 2161 1108 2206 senem
1138 2141 1245 2204 oculos

143 2270 249 2315 eorum
285 2254 493 2317 restituentem
532 2250 593 2317 non
633 2237 814 2335 nominavit,
847 2264 975 2320 attamen
1014 2269 1084 2315 eam
1122 2248 1245 2314 duobus

142 2359 275 2436 Nitriae
296 2363 460 2426 monacbis
482 2363 558 2426 olim
579 2361 612 2427 c'n
645 2365 837 2429 monosterii
868 2359 1106 2428 conversatione
1133 2377 1244 2422 aarum

144 2455 176 2536 et
196 2471 393 2558 familiarem
411 2475 530 2565 scisse,
561 2482 606 2571 et
620 2456 786 2537 duodecim
800 2521 802 2524 -
815 2492 915 2536 annos
948 2473 982 2534 tn
1010 2472 1157 2534 extremo
1188 2466 1245 2546 illo

143 2581 273 2647 deserto
295 2579 436 2647 Blembio
466 2583 612 2665 contipuo
639 2582 866 2644 anachoretam
881 2571 1063 2644 ‘habitasse
1095 2582 1144 2645 ait.
1189 2577 1245 2641 Ubi

143 2715 201 2777 pro
222 2692 366 2756 Blcmbio
386 2695 417 2758 in
440 2695 620 2778 collectione
641 2695 795 2786 llosweidi
822 2693 908 2773 falso,
935 2702 969 2756 ut
996 2693 1115 2772 opinor,
1144 2677 1245 2759 Mem-¹

132 2783 264 2889 phin)
299 2813 362 2880 est3
398 2784 465 2867 nam
500 2805 653 2878 desertum
683 2781 812 2885 hlemphi
844 2804 1019 2887 contignum
1052 2803 1105 2864 vix
1136 2811 1243 2866 extre-

142 2935 223 2978 mum
256 2917 425 2979 vocaveris.
477 2916 527 3010 Ac
547 2917 709 2996 desertum,
732 2917 763 2979 in
787 2933 846 2996 quo
869 2916 1050 2979 anachoreta
1070 2912 1201 2991 vivebat,
1224 2929 1242 2974 a

140 3027 237 3092 Nitria
264 3027 357 3108 longe
379 3027 490 3089 distare
519 3044 587 3088 cum
610 3026 753 3108 sulpitius
776 3024 908 3090 Severus
940 3028 1004 3107 ipse
1033 3022 1145 3104 narrat,
1178 3032 1242 3088 tum

141 3135 212 3200 inde
234 3145 326 3218 patet,
348 3135 429 3218 quod
455 3137 499 3199 illi
526 3137 641 3220 Nitriae
662 3137 807 3199 ‚monachi
841 3137 968 3216 septimo
989 3135 1108 3203 demum
1137 3150 1242 3198 mense

141 3249 173 3312 id
204 3250 385 3312 invenerunt
395 3247 436 3331 94).
480 3249 620 3312 blembos
642 3267 717 3311 vero
739 3247 882 3327 Sulpitius
912 3247 1044 3310 Severus
1072 3245 1242 3324 Blemmyes

141 3338 253 3423 vocare
293 3359 437 3450 videtur,
476 3358 624 3422 Strabone
660 3366 789 3422 testante
803 3355 847 3441 ¹⁰)
880 3357 1061 3438 Aethiopum
1095 3353 1241 3433 subditos,

170 3573 198 3638 1)
218 3572 284 3628 lhid·
304 3587 360 3638 cap.
382 3573 417 3625 76
438 3587 464 3638 p.
487 3573 551 3626 537.

168 3664 197 3730 2)
218 3660 283 3713 lbid.
306 3675 362 3727 cap.
384 3655 419 3716 73
441 3677 465 3726 p.
487 3661 552 3716 536.

169 3750 199 3807 3)
219 3749 272 3805 vv.
295 3749 343 3806 l’l’.
363 3749 452 3802 llosw.
473 3750 520 3807 lib.
541 3751 565 3804 x
585 3765 642 3817 cap.
665 3751 719 3804 199
739 3765 765 3818 p.
785 3750 852 3814 927,
873 3751 899 3807 9.

169 3836 201 3905 4)
223 3837 262 3895 cf.
282 3837 348 3890 infra
369 3836 432 3904 Cap.
455 3838 499 3890 lV.

170 3927 200 3993 5)
223 3927 289 3978 llist.
311 3927 413 3980 Ecclas.
435 3927 480 3979 lib.
501 3927 546 3992 Vl,
568 3929 613 3984 29.

166 4013 198 4080 6)
220 4015 286 4068 llist.
308 4015 385 4072 Laus.
405 4015 446 4073 ed.
466 4017 560 4074 lleurs.
581 4033 638 4084 cap.
661 4016 698 4070 29
718 4033 744 4084 p.
765 4011 831 4072 436.
901 3999 905 4006 ’

168 4105 198 4170 7)
217 4103 283 4161 Dial.
304 4109 316 4157 l
337 4121 393 4172 cap.
417 4107 450 4159 15
472 4105 626 4164 Bibtnab.
644 4105 671 4163 T.
691 4105 754 4159 viti
774 4123 800 4174 p.
820 4101 885 4169 lot,
909 4106 934 4156 l.

165 4192 195 4259 8)
216 4193 269 4244 vv.
292 4193 340 4250 PP.
360 4193 449 4250 llosw.
470 4194 515 4250 lib.
536 4195 570 4247 lll
591 4211 649 4262 cap.
668 4196 686 4249 8
707 4211 732 4262 p.
754 4191 821 4258 540,
842 4195 869 4248 2.

165 4283 196 4344 9)
216 4281 283 4338 llial.
304 4281 316 4333 1
336 4283 354 4339 l.
374 4283 392 4339 l.
688 4283 693 4290 ”

150 4371 197 4440 10)
220 4369 367 4439 Gcograph.
388 4371 432 4430 lib,
455 4369 526 4422 xvn
547 4370 630 4426 initio.
