2974 4964
594 354 913 431 '-1ot-

234 561 314 624 idern
336 576 411 624 uvas
422 557 621 637 desiderabat,
644 556 734 620 misit.
757 555 859 638 Atque
879 555 929 620 hic
951 573 1163 622 uvamsunrma
1183 575 1251 622 curn
1265 559 1337 624 lae·-

234 672 298 736 titis
314 679 471 751 'acceptam
484 669 534 732 alii
545 667 631 732 fratri
642 667 771 732 eundem
793 667 891 730 cibum
913 669 1068 749 appetenti
1084 669 1199 736 obtulit.
1219 671 1281 734 Sed
1303 679 1348 736 et*

235 779 295 860 blo,
316 799 405 845 uvarn
422 771 541 860 nactus,
561 769 734 858 idemlecit,
756 779 815 844 etsi
832 779 896 859 ipse
918 795 954 841 ea
975 779 1059 842 vesci
1080 761 1167 843 valdo
1185 759 1335 862 cupiebat.

235 895 334 968 Quom
355 909 430 955 vero
452 889 594 972 deinceps
617 891 655 954 ad
675 891 785 954 multos
807 889 915 955 iratres
937 909 1016 953 uvae
1035 893 1254 973 pervenissent,
1276 911 1338 955 nec

236 1004 315 1078 ullus
337 1021 388 1066 eas
410 1003 503 1068 edero
524 1003 681 1082 voluisset,
710 1003 843 1082 ultimus,
865 1003 917 1083 qui
938 1011 1106 1083 acceperat,
1135 1020 1186 1069 eas
1208 1003 1245 1065 ad
1266 1003 1337 1066 lla-

236 1117 350 1178 carium
372 1116 496 1194 remisit,
524 1123 664 1196 tanquan
685 1133 827 1198 magnum
855 1115 884 1178 ei
913 1115 1025 1177 donum
1056 1113 1231 1196 largiturus.
1276 1115 1338 1192 Qui

236 1227 367 1308 cognitis
388 1225 456 1287 uvis
478 1243 572 1306 reque
594 1225 715 1288 curiose
744 1223 884 1305 inquisita
911 1224 1036 1288 miratus
1069 1225 1181 1321 gratias
1201 1223 1265 1288 Deo
1296 1224 1336 1287 ob

236 1347 347 1402 tantan
366 1337 486 1401 illorum
505 1335 718 1401 continentiam
731 1337 805 1418 egit,
827 1337 884 1400 ne'c
899 1337 963 1416 ipse
976 1335 1162 1417 quidem'ea's
1173 1336 1333 1403 comedit.“

322 1448 427 1526 vides,
455 1465 495 1510 ex
524 1454 666 1527 quattuor
687 1447 771 1512 hisce
792 1449 1015 1512 narrationibus
1044 1449 1132 1511 duas
1151 1449 1269 1528 priores
1299 1448 1337 1512 ad

236 1559 409 1636 biaoariam,
430 1559 564 1638 Antonii,
587 1560 673 1622 cuins
702 1560 877 1641 dignitatern
907 1560 994 1640 quasi
1021 1559 1222 1624 haereditarie
1236 1569 1337 1622 'acoe-
1384 1557 1389 1568 '
1484 1549 1485 1568 ¹

237 1677 334 1748 perat,
363 1659 550 1749 discipulum,
579 1659 736 1750 spectare,¹
756 1657 876 1746 ceteras]
904 1689 980 1734 vero
1011 1671 1085 1734 duas
1115 1671 1152 1733 ad
1174 1671 1338 1733 Macarium

239 1773 400 1840 πολιτικόν
421 1779 441 1838 l.
453 1797 480 1840 e.
494 1795 534 1840 ox
555 1780 632 1842 urbe
643 1779 812 1859 oriundum,
835 1796 894 1862 quo
902 1779 1026 1842 'nomine
1037 1780 1203 1844 sozomeno
1221 1787 1300 1843 teste
1313 1780 1338 1860 ⁸)

239 1889 386 1952 Macarius
407 1888 650 1970 Alexandrinus,¹
662 1909 702 1952 ox
723 1869 800 1954 urbe
821 1889 1004 1954 Alexandria
1026 1883 1180 1966 oriundae,
1203 1889 1338 1970 appella-

240 2009 301 2064 tur.
344 1998 391 2062 Ac
413 1981 579 2062 (luue'illae
603 2001 721 2079 priores
743 1997 932 2063 narrationes
956 1999 1025 2062 alibi
1046 2017 1107 2064 non
1128 2002 1322 2080 reperiuntur
1328 2020 1339 2078 3

240 2111 374 2191 reliquae
396 2126 471 2172 vero
493 2111 552 2190 bis,
579 2109 673 2174 altera
694 2111 814 2191 quidem
841 2111 881 2174 de
909 2111 1037 2175 tribunis
1058 2111 1136 2174 libro
1165 2111 1300 2196 secundo
1311 2117 1339 2188 ²)

218 2200 272 2284 'et
293 2199 379 2284 sexto
392 2197 435 2300 3),Ι
449 2222 544 2286 altera
566 2223 604 2285 de
625 2241 684 2284 uva
704 2223 782 2285 libro
799 2223 974 2308 secundo&
998 2231 1028 2287 et
1049 2223 1138 2286 tertio
1150 2227 1175 2300 ὅ)
1197 2213 1341 2285 lioswei-

242 2330 346 2394 dianae
366 2331 552 2395 collectionis
574 2333 615 2396 ita
635 2333 789 2414 leguntur,
803 2339 845 2397 'ut
866 2353 905 2396 ex
926 2333 1032 2396 eodem
1051 2349 1162 2416 graeco
1179 2332 1267 2396 alonte
1288 2349 1341 2396 eas

127 2463 130 2466 ·
167 2463 170 2469 ¹
241 2459 379 2507 manasse
400 2443 554 2523 probabile
576 2443 623 2506 sit.
667 2443 805 2507 Nomen&
830 2442 998 2521 arnimar)
1020 2443 1150 2507 Macerio
1173 2453 1240 2507 non
1270 2447 1367 2525 qui-'
1408 2455 1411 2460 '
1484 2525 1485 2532 ἵ

242 2553 310 2616 darn
341 2553 376 2616 in
400 2553 479 2618 libro
508 2553 653 2634 secundo,
686 2555 742 2618 sed
770 2555 802 2616 in
830 2554 908 2617 libro
945 2562 1032 2616 sexto
1061 2553 1186 2618 inlitum
1216 2563 1278 2630 ost;
1311 2555 1344 2618 in

152 2661 156 2670 '
212 2653 318 2727 'llist
347 2663 491 2752 lausiaca
523 2652 632 2742 autern,
664 2651 797 2728 ut‘rmox
826 2652 1004 2744 videbimus,
1035 2680 1153 2750 nomen
1181 2650 1343 2740 πολὶτικὸς

188 2825 194 2832 .
243 2773 337 2843 sernel
354 2769 387 2835 ¹ei
408 2775 559 2836 tribuitur.
581 2813 585 2823 v
604 2776 705 2850 Quare
737 2776 922 2856 posteriores
951 2777 1028 2840 duae
1053 2773 1241 2853 narrationes
1270 2778 1343 2858 quin
1379 2809 1386 2824 ·

244 2885 289 2945 ad·
302 2869 464 2944 linearium
486 2884 722 2946 Alexandrinum
744 2895 892 2967 spectent,
915 2888 966 2950 vix
989 2887 1111 2951 dubium
1140 2904 1210 2951 esse
1233 2899 1344 2969 potest,

242 2997 333 3075 idque
362 2995 470 3072 solum,
492 3013 572 3067 num,
586 2997 663 3059 dnae
685 2999 862 3078 prioresde
884 3000 990 3064 eodem
1010 3001 1156 3084 referant,
1177 2994 1342 3082 qiaeritur.

244 3106 332 3181 Quod
342 3105 419 3166 inde
441 3094 562 3184 pendet,
590 3119 662 3168 nurn
683 3100 841 3191 Macarius,
870 3111 994 3176 Antonii
1022 3112 1184 3194 discipulus
1200 3114 1344 3193 eiusque

244 3203 352 3305 haeres
365 3205 530 3294 uirtutum,
554 3236 631 3282 unus
654 3213 693 3284 eir
715 3200 993 3288 nostris'lllecariis·
1007 3224 1106 3290 luerit.
1139 3215 1181 3288 At
1201 3225 1259 3288 lroo
1283 3241 1344 3286 non

148 3327 149 3334 ’
203 3416 205 3420 ¹
245 3327 353 3420 luisse,
376 3324 453 3421 inlra‘
475 3327 604 3421 dilucide
625 3333 836 3423 probabimus..
864 3333 953 3423 [Ergo
982 3321 1056 3422 duas
1084 3337 1204 3416 priores
1225 3339 1344 3420 ¹narra-¹

244 3441 342 3504 tiones
364 3441 402 3502 od
423 3451 547 3506 nostros
568 3440 715 3508 Macarios
737 3463 798 3507 non
819 3446 975 3530 pertinere
987 3451 1024 3527 ⁷),
1047 3454 1154 3530 sponte
1174 3453 1265 3530 patet.

252 3617 480 3628 ..—...

274 3707 301 3772 1)
324 3706 390 3762 Hist,
411 3705 512 3758 Eccles.
535 3707 580 3759 lib.
603 3709 651 3771 ΙΙΙ,
673 3725 728 3776 cap.
752 3707 795 3766 14.
828 3767 829 3770 Ἴ
1234 3753 1237 3760 ,

271 3795 302 3860 2)
324 3792 385 3860 cap.
407 3794 443 3847 oo
465 3795 517 3846 vv.
540 3794 588 3848 rr.
610 3781 838 3864 aoswspxtoo,
858 3801 881 3854 1.
1131 3861 1135 3868 ,
1484 3789 1485 3876 l

269 3883 300 3948 3)
322 3883 414 3940 Libell.
435 3887 484 3948 III,
510 3885 543 3938 15
564 3901 589 3950 p.
610 3881 676 3951 656,
698 3889 724 3941 2.
824 3905 826 3910 ·
1167 3913 1172 3920 ·

194 3971 212 4006 ⁸
270 3967 300 4036 4)
322 3968 385 4038 Cap.
404 3973 441 4026 29
462 3989 487 4039 p.
509 3970 575 4035 481,
600 3975 624 4026 l»
1034 3991 1044 4008 r

268 4061 298 4128 5)
320 4059 381 4126 Cap.
402 4059 438 4114 42
460 4077 484 4128 p.
507 4063 573 4125 507,
594 4065 620 4116 2.
649 4121 651 4126 ,
1219 4091 1222 4098 ν

269 4148 301 4212 6)
315 4149 426 4214 ,Niccpb
450 4148 549 4202 Callist.
570 4149 685 4214 (Eccles.
697 4150 757 4200 lrist.
772 4149 823 4224 ΙΙΙ,
833 4143 836 4150 ’
848 4147 906 4220 14),
916 4151 1031 4216 scripsit:
1054 4152 1193 4202 Macarius
1214 4154 1342 4206 urbanus.

273 4235 300 4299 7)
321 4235 393 4286 llanc
412 4253 478 4288 uuae
498 4239 630 4292 historiam
650 4229 724 4290 nimis
745 4238 827 4290 libere
848 4240 968 4310 exposuit
995 4239 1026 4294 tl.
1056 4239 1128 4290 Bone
1158 4241 1193 4291 in'
1212 4239 1343 4306 Legendis

321 4325 424 4390 poetice
444 4323 590 4393 dosntptls.
