2974 4964
650 379 917 453 -102-

122 603 125 610 ·
238 578 398 662 Aegyptiis
429 577 579 644 finitimos.
630 577 749 643 Etenim
788 576 932 658 sulpitius
958 575 1093 642 Severus
1130 573 1229 656 paullo
1258 583 1341 656 pest,

240 691 462 756 adolescentem
484 691 642 771 quendum,
665 709 757 770 quum
778 691 810 754 in
830 688 971 771 Aegypto
993 689 1131 752 tribunus
1153 694 1246 766 esset,
1265 683 1341 769 fre·-

240 798 406 883 pnentibne
426 796 597 864 adeersum
618 795 767 862 Blemhca
788 795 1047 878 ecpeditionibas
1075 799 1221 880 quaedam
1244 798 1343 862 eremi

240 911 308 979 loca
328 911 491 993 contigisse
505 907 547 994 ¹),
568 919 682 976 narrat.
705 913 788 986 Quae
810 910 1017 990 expeditiones
1031 910 1105 990 quin
1120 909 1344 972 contralllem-

242 1037 326 1103 myos
342 1021 497 1100 nomades,
518 1021 620 1084 finium
630 1020 763 1104 Aegypti
784 1021 912 1100 accolas,
934 1020 1030 1084 lectae
1052 1021 1121 1099 sint,
1142 1020 1194 1082 nix
1216 1019 1343 1082 dubium

243 1141 289 1200 eet
300 1129 343 1216 ²).
365 1131 425 1201 Sed
438 1131 600 1200 Maeuium
611 1132 847 1199 Alexandrinum
853 1132 1011 1196 duodecim
1021 1150 1116 1194 annos
1129 1132 1160 1194 in
1171 1131 1229 1194 ista
1235 1130 1344 1194 letem-

243 1261 344 1325 tnyunt
367 1261 471 1326 eremo
493 1243 702 1308 anachoretam
724 1245 846 1322 vixisse,
874 1245 905 1308 td
928 1245 1009 1324 quod
1030 1243 1099 1308 alibi
1120 1261 1182 1306 non
1203 1241 1345 1321 traditur,

243 1353 308 1417 solo
332 1353 457 1433 Sulpitio
481 1361 558 1416 teste
580 1372 642 1416 non
664 1354 861 1430 crediderim3
882 1355 908 1418 is
930 1356 1010 1418 enim
1032 1372 1097 1416 rem
1118 1354 1195 1416 lama
1217 1356 1346 1435 aceepit,
1385 1404 1391 1415 .

245 1481 332 1544 quaut
356 1463 485 1525 Pahadio
513 1463 705 1544 Paphnutius,
726 1465 849 1530 hiacarii
871 1465 1044 1546 discipulus,
1067 1465 1181 1544 retulit,
1203 1464 1258 1544 qui
1277 1463 1346 1526 hle-

246 1574 369 1647 mnium,
391 1589 482 1651 quum
511 1573 616 1638 catulis
638 1572 743 1636 oculos
764 1575 950 1652 restitueret,
979 1570 1065 1636 domi
1086 1571 1121 1636 in
1140 1571 1218 1636 anic
1247 1571 1347 1634 cellas

245 1681 352 1760 ipsias
380 1681 495 1748 sedisse
523 1681 607 1748 dixit.
660 1673 875 1748 lcmffimttene
907 1691 1005 1748 autam
1034 1701 1140 1746 senum
1174 1703 1243 1746 cum
1272 1681 1348 1748 ferie

246 1793 373 1874 piurima
394 1791 530 1871 exempla
550 1791 745 1856 inveniuntur
755 1789 798 1874 8).
1287 1803 1291 1810 ·

331 1904 427 1970 Porro
448 1921 578 1982 causam,
607 1919 663 1966 our
684 1903 843 1982 Macarius,
864 1921 903 1966 ex
931 1921 991 1986 quo
1011 1902 1177 1983 baptizatus
1199 1913 1247 1968 est
1267 1911 1349 1966 tern-

248 2033 333 2096 pore,
354 2016 542 2097 septuaginta
563 2014 648 2080 annis
669 2013 751 2080 humi
774 2032 834 2080 non
856 2016 981 2094 spuerit,
1003 2015 1090 2078 eliam
1119 2015 1177 2078 nisi
1206 2023 1241 2077 ut
1270 2033 1351 2078 con·
1468 2079 1469 2114 ἶ

249 2128 404 2192 senentiam
426 2126 610 2206 ostenderet,
629 2142 691 2190 non
713 2125 844 2192 invenio.
889 2126 948 2192 Sed
970 2125 1021 2206 pili
1041 2125 1152 2190 barbae
1168 2127 1207 2189 oh
1229 2125 1352 2188 nimiam

250 2236 495 2302 exercitationem
507 2237 594 2300 etiam
606 2235 713 2300 ioanni
729 2236 761 2298 in
771 2235 853 2316 Lyco
875 2237 1038 2302 nomenati
1061 2255 1131 2300 esse
1150 2237 1296 2318 leguntur
1303 2235 1351 2322 ⁴).
1468 2271 1469 2280 .

250 2345 360 2410 Ultima
379 2347 508 2427 donique
535 2348 592 2412 ista
612 2346 745 2412 narratio
767 2347 805 2412 da
827 2347 1068 2430 cogitationibus,
1090 2367 1167 2428 quae
1188 2349 1353 2412 Palladium
1468 2307 1469 2360 ³

251 2458 335 2522 abire
354 2458 508 2535 iusserint,
529 2460 610 2539 quod
638 2456 710 2524 nihil
743 2468 849 2542 ageret
869 2461 900 2523 in
922 2459 1093 2540 solitudine,
1125 2461 1210 2524 varie
1231 2441 1354 2524 exculta
1468 2505 1469 2536 ,

252 2569 321 2634 alibi
341 2583 462 2650 quoque
483 2571 617 2634 occurrit
632 2567 672 2653 ⁶)
1468 2627 1469 2630 ,

339 2679 369 2762 s
394 2679 446 2746 23.
487 2659 529 2744 'm
556 2681 631 2748 haec
658 2681 777 2763 quidem
812 2679 850 2744 ad
881 2687 970 2760 caput
999 2679 1121 2744 Palladii
1148 2679 1187 2744 de
1218 2679 1353 2746 blacerio
1468 2659 1469 2668 ¹

254 2790 459 2857 Alexandrino
480 2792 688 2857 illustrandum
717 2789 842 2857 dicenda
869 2799 965 2854 erant.
1008 2791 1123 2871 Restat,
1153 2801 1355 2872 etquattuor

255 2889 457 2977 narrationes,
467 2903 575 2980 quibus
596 2911 709 2966 textum
722 2919 739 2966 a
752 2903 885 2968 hleursio
897 2903 1009 2968 editum
1023 2903 1207 2984 llcrvetique
1229 2905 1356 2967 versio-
1468 2915 1469 2992 ᾗ

256 3027 324 3072 nem
345 3011 375 3072 in
395 3009 448 3074 illc
468 3013 564 3089 cupite
585 3013 737 3078 codicibus
758 3015 1040 3079 vindobonensibus
1070 3015 1245 3096 ceterisque
1275 3033 1355 3078 ver·-
1468 2995 1469 3020 ¹

254 3119 389 3182 sionibus
423 3119 651 3201 locupletiorem
686 3141 754 3188 esse
788 3124 954 3200 docuimus,
993 3126 1209 3190 examinemus.
1271 3127 1358 3200 Ouee
1468 3113 1469 3120 '

256 3230 376 3308 quidem
396 3232 501 3311 capitis
522 3233 606 3296 initio
626 3242 695 3313 post
716 3235 837 3298 Palladii
865 3235 975 3314 verba,
1007 3235 1132 3300 Maeonii
1153 3235 1359 3299 Alexandrini

289 3527 315 3596 1)
336 3529 402 3580 Dial.
424 3533 437 3582 1
457 3546 513 3596 cap.
534 3533 570 3586 22
591 3531 656 3584 Gall.
677 3533 745 3584 Bihl.
773 3533 790 3590 l.
810 3533 829 3589 1.
849 3549 874 3600 p.
894 3531 961 3597 408,
982 3539 1008 3592 2.

286 3619 315 3682 2)
336 3616 432 3669 Plinius
454 3620 523 3684 (ilat.
545 3621 610 3677 Hist.
630 3625 665 3686 V,
685 3622 716 3687 8)
737 3621 880 3686 blemmyes
910 3633 1012 3691 gentem
1028 3626 1055 3679 iu
1075 3623 1222 3678 confinibus
1243 3621 1361 3690 Aegypti

223 3749 225 3753 .
338 3705 492 3758 habitantem
512 3710 640 3774 perhibet,
663 3711 774 3778 „quihus
792 3712 927 3766 traduntur
946 3715 1033 3780 capita
1050 3713 1161 3790 abesse,
1178 3721 1275 3772 creet
1294 3729 1363 3768 eeu·
1468 3727 1469 3740 ¹

338 3794 370 3844 lis
380 3797 477 3860 pectori
489 3797 602 3848 affixis.“
625 3797 752 3864 Vopiscus
767 3798 890 3850 in‘Probo
905 3803 957 3854 17:
981 3801 1155 3874 „Blemmyas
1167 3805 1261 3870 inquit,
1285 3803 1364 3854 etiam

338 3882 449 3950 subegit,
458 3901 565 3954 quorum
577 3885 808 3950 captivesflomam
819 3891 967 3948 transmisit
988 3889 1038 3952 Qus
1055 3889 1199 3943 mirabilem
1219 3891 1258 3942 sui
1279 3891 1366 3943 visum

338 3978 455 4038 stupente
476 3974 574 4040 populo
588 3974 703 4026 Romano
714 3974 911 4040 praebuerunt
939 3975 978 4039 ct,
991 3979 1096 4044 Vopisc.
1111 3979 1247 4036 Aurelian
1258 3980 1305 4036 33.
1318 3975 1366 4033 tt.

288 4059 466 4122 3)Ncnnulla
486 4063 577 4128 legis
570 4079 597 4116 ιιι
618 4063 721 4128 Sulpitii
742 4063 830 4114 Severi
851 4064 918 4122 Diei.
939 4069 1047 4134 leapp.
1064 4065 1171 4128 1314.
1203 4067 1265 4120 Atia
1285 4065 1368 4120 multa

338 4163 365 4196 ιιι
381 4149 433 4204 VV
455 4149 503 4204 PP.
524 4158 669 4204 occurrunt

290 4227 319 4294 1)
340 4233 404 4290 lllst
424 4235 499 4290 Laus.
520 4237 560 4292 ed
582 4239 675 4292 hletrrs
694 4251 750 4300 cap.
774 4230 811 4290 44
833 4237 898 4304 Opp.
919 4240 1012 4296 hleura,
1033 4238 1051 4292 Ι.
1074 4240 1093 4290 l.
1117 4256 1142 4308 p.
1164 4235 1231 4312 473.

291 4320 320 4382 5)
340 4321 394 4373 VV.
414 4321 462 4376 PP.
484 4323 572 4378 Rosw.
593 4321 638 4376 lib.
660 4325 709 4385 Ill,
733 4323 795 4377 106.
820 4327 881 4379 107·
904 4327 967 4384 1118.
988 4327 1035 4386 tit.
1056 4329 1088 4394 V,
1113 4331 1147 4392 7„
1161 4330 1209 4384 35.
