2990 4986
678 333 924 408 ...2ss-

248 534 335 610 Quod
375 535 403 598 si
436 532 663 613 contendimus,
703 531 894 598 necessitudo
930 533 988 598 ista
1019 539 1050 598 tc
1087 533 1211 614 amplius
1250 533 1349 598 olien-

248 646 322 710 derc
343 644 456 725 nequit.

336 755 440 836 ltaque
467 754 705 834 necessitudine,
740 771 819 835 quae
846 752 925 816 liltro
961 753 1094 818 seeundo
1123 753 1349 818 Roswcidianse

249 867 438 932 collectionis
458 867 621 930 intercedit
643 884 711 929 cum
732 865 808 930 Hist.
831 865 975 928 Lausiaca
996 863 1128 944 Palladii,
1150 864 1229 928 iuste
1251 865 1350 946 expli-

250 989 327 1059 cata,
350 978 515 1056 conclusio,
539 977 704 1057 scriptores
727 976 836 1039 horum
856 975 1003 1040 librorum
1032 984 1164 1039 exeunte
1187 993 1264 1040 anno
1287 975 1352 1038 394

249 1091 351 1154 socios
372 1089 489 1152 itineris
510 1089 542 1150 in
564 1087 714 1151 Thebaide
735 1086 840 1165 fuisse,
869 1103 930 1149 non
959 1086 1117 1165 evertitur,
1147 1087 1201 1150 scd
1223 1105 1352 1170 magno-

253 1217 327 1282 pere
349 1201 552 1264 confirmatur.
575 1200 744 1264 Redeamus
765 1215 847 1262 nunc
870 1198 906 1261 ad
929 1198 1137 1280 gravissimam
1159 1215 1235 1279 rem,
1257 1217 1353 1280 quae-

249 1320 366 1393 rentes,
387 1331 460 1375 nunt
474 1313 523 1376 hic
535 1313 637 1376 socius
652 1309 774 1374 PaHodii
795 1319 826 1374 et
846 1309 916 1372 libri
937 1310 1063 1373 secundi
1084 1311 1216 1390 scriptor
1229 1311 1353 1375 Rufinus

250 1423 352 1503 iuuerit,
374 1441 431 1486 nec
449 1440 498 1484 ne.
523 1421 609 1497 Quod
619 1420 739 1502 quidem
751 1419 845 1482 fuisse
859 1419 971 1500 nequit.
998 1418 1075 1482 Nam
1095 1437 1187 1501 supra
1201 1423 1231 1506 ¹)
1246 1429 1352 1488 osten-

250 1534 359 1612 dimus,
381 1532 520 1596 Rufinum
540 1541 609 1613 post
630 1549 741 1594 annum
763 1529 825 1592 385
848 1530 880 1592 in
901 1529 1042 1612 Aegypto
1064 1549 1126 1594 non
1149 1532 1273 1612 amplius
1296 1533 1354 1596 ad-

251 1644 355 1708 luissc.
399 1643 506 1725 Neque
527 1644 558 1706 in
572 1643 672 1706 Rulini
693 1642 788 1721 libris,
810 1659 910 1722 neque
932 1643 963 1704 in
985 1641 1035 1704 illa
1055 1642 1254 1724 dissensione,
1277 1661 1354 1724 quae

251 1754 359 1818 Rufino
382 1773 451 1816 curn
461 1755 646 1836 Hieronymo
667 1753 732 1831 luit,
754 1753 793 1816 de
810 1753 930 1832 itinere,
952 1753 1032 1832 quod
1053 1765 1184 1819 excunte
1199 1771 1278 1818 anno
1291 1753 1356 1818 394

253 1873 306 1928 aut
328 1867 450 1930 omnino
479 1876 547 1946 post
575 1883 685 1928 annum
706 1862 770 1928 385
799 1865 830 1928 in
850 1863 1023 1948 Aegyptum
1050 1868 1234 1948 susceperit,
1265 1867 1355 1948 quid-

252 1993 341 2056 quam
363 1977 524 2039 invenitur.
569 1975 716 2040 Palladius
744 1976 885 2056 denique,
911 1977 938 2040 si
959 1977 1082 2042 Rudinus
1110 1978 1225 2042 itineris
1254 1979 1356 2043 socius

254 2086 370 2167 luisset,
401 2087 442 2151 de
474 2105 512 2152 ec
544 2088 575 2151 in
597 2088 729 2153 Historia
750 2087 894 2150 Lausiaca
915 2087 1002 2152 aliter
1023 2105 1096 2152 sane
1117 2088 1300 2170 scripsisset,
1321 2106 1357 2152 ac

254 2199 383 2278 scripsit.
396 2196 430 2283 ²)

341 2307 418 2370 Hinc
439 2307 533 2391 igitur
554 2308 628 2371 satis
650 2308 843 2390 perspicuum
865 2307 998 2388 videtur,
1021 2307 1161 2372 Rufinum
1182 2309 1265 2372 illum
1288 2309 1358 2372 Pal-

253 2417 323 2482 lndii
345 2420 470 2484 socium‘
483 2429 514 2484 et
534 2419 605 2482 libri
626 2419 752 2484 secundi
773 2420 952 2506 scriptorem
977 2437 1038 2482 non
1060 2437 1154 2493 esse„
1184 2421 1271 2498 Quod
1298 2420 1357 2486 atio

253 2531 425 2596 firmissimo
438 2539 617 2614 argumento
628 2532 783 2613 probatur.
805 2531 948 2614 Legimus
958 2531 991 2594 in
1003 2531 1081 2594 libro
1093 2531 1243 2596 secundo:
1255 2531 1359 2612 „Nar-

253 2644 361 2710 rabant
383 2653 482 2710 autern
504 2645 591 2710 nobis
612 2644 732 2725 quidam
760 2661 801 2706 cx
829 2643 975 2724 patribus,
1007 2642 1059 2725 qui
1087 2643 1129 2706 ibi
1156 2641 1211 2726 (in
1233 2641 1357 2728 Galliis)

254 2765 352 2834 erant,
381 2756 462 2836 quod
483 2757 515 2819 in
536 2757 612 2820 locis
632 2756 699 2820 istis
720 2753 782 2818 duo
803 2754 926 2816 Macarii
955 2755 1038 2835 quasi
1060 2755 1120 2818 duo
1142 2755 1218 2820 caeli
1245 2755 1361 2818 lumina

256 2867 479 2949 refulsissent.“
494 2866 527 2950 ¹)
571 2867 655 2948 Ergo
688 2867 819 2943 scriptor
845 2865 915 2928 libri
935 2855 1094 2946 Maeonios,
1126 2867 1304 2947 quibuscum
1324 2884 1361 2930 se

255 2979 288 3041 in
309 2977 406 3040 Nitria
432 2987 584 3042 versatum
614 2994 684 3040 csse
705 2975 829 3038 Rufinus
859 2991 951 3056 supra
977 2979 1043 3056 ipse
1068 2993 1124 3039 nos
1152 2977 1264 3054 docuit,
1293 2976 1361 3056 ipse

258 3105 320 3150 non
349 3087 503 3168 cognorit.
559 3088 626 3160 Ouo
655 3085 707 3166 dt,
747 3095 781 3152 ut
807 3086 931 3152 Rufinus
966 3088 1037 3151 libri
1075 3088 1201 3156 secundi
1219 3088 1362 3169 scriptor

258 3214 328 3262 osse
349 3216 410 3261 non
431 3199 538 3278 possit.
581 3197 686 3278 Neque
708 3197 873 3281 Euagrium
901 3199 967 3262 cius
996 3199 1065 3262 libri
1087 3198 1266 3279 scriptorem
1289 3196 1363 3260 axi-

258 3308 381 3374 stimare
402 3309 483 3388 licet,
505 3308 586 3390 quod
600 3309 746 3390 quispiam
767 3309 896 3375 fortasse
918 3329 936 3374 e
957 3311 1060 3374 verbis
1073 3309 1249 3392 Hieronymi
1270 3327 1364 3390 supra

259 3418 355 3482 allatis
378 3419 528 3484 conficere
549 3419 631 3484 velit.
675 3420 750 3486 Natu
770 3421 921 3506 Euagrius
942 3421 1046 3487 itidem
1067 3439 1102 3486 sc
1123 3439 1192 3484 cum
1222 3418 1364 3486 Macariis

260 3539 473 3596 conversatum
493 3549 563 3596 esse
583 3533 649 3614 ipse
670 3530 851 3616 testatori)

345 3642 496 3726 Apparet,
525 3647 569 3711 mi
591 3646 798 3728 probavimus,
820 3645 959 3708 Rulinum
980 3645 1090 3708 librum
1111 3643 1279 3707 secundum
1300 3656 1366 3706 non

261 3757 475 3836 composuisse.
519 3756 578 3822 Sed
606 3777 691 3839 eum,
726 3759 783 3822 nisi
804 3758 1005 3840 Hieronymus
1036 3763 1067 3820 et
1096 3756 1219 3820 codices
1249 3752 1368 3834 antiqui

201 3869 205 3876 '
261 3867 382 3931 omnino
404 3871 582 3952 erraverint,
611 3871 716 3935 saltem
745 3871 941 3951 interpretem
968 3869 1038 3933 libri
1064 3885 1133 3932 esse
1155 3883 1285 3932 necesse
1307 3871 1367 3929 est.

259 3981 518 3996 wan-n-

291 4034 320 4101 1)
339 4032 417 4085 lnitio
437 4033 514 4085 huius
534 4037 558 4096 ς,

290 4121 320 4187 2)
341 4122 408 4173 Hisl.
430 4121 506 4180 Laus.
526 4139 582 4190 cap.
605 4123 669 4178 118.
695 4122 757 4179 119.

289 4211 318 4276 3)
339 4213 401 4267 VV.
422 4215 472 4268 ¹²1².
493 4211 580 4268 Rosw.
600 4210 646 4268 lib.
667 4213 702 4274 ΙΙ,
723 4211 761 4266 28
781 4225 806 4276 p.
827 4207 893 4275 tto,
916 4216 942 4266 2.

287 4295 318 4365 ll)
340 4296 430 4366 Capita
450 4302 562 4367 practica
582 4300 615 4353 ad
635 4300 782 4355 Anatolium
802 4299 848 4358 9³.
868 4298 913 4358 94.
934 4299 1002 4360 Bibl.
1023 4297 1089 4358 Gall.
1109 4301 1138 4356 Τ.
1162 4301 1212 4356 llll
1233 4317 1259 4370 p.
1279 4297 1348 4355 565.
