2974 4964
585 377 830 453 ...9)-

160 592 191 648 et
211 582 373 666 legumina,
395 581 522 662 siquae
543 576 624 640 forte
645 578 822 656 invenisset,
842 577 1010 644 humectata
1031 580 1172 663 gustavit.
1213 581 1260 644 hc

160 713 254 776 quum
287 696 463 773 audivisset,
497 691 619 756 fratrem
657 693 806 773 quendam
838 691 944 756 libram
975 695 1061 774 panis
1090 693 1261 774 comedere,

159 808 348 890 buccellatis‚
359 823 438 889 quae
450 804 563 883 habuit,
583 803 615 866 in
630 801 769 884 lagenam
784 803 922 866 immissis
937 803 1122 866 solummodo
1135 812 1263 884 tantum,

160 929 303 998 quantum
319 933 410 980 manu
421 917 531 978 efferre
544 922 673 994 poterat,
695 914 835 993 comedit,
858 914 1014 995 tribusque
1029 915 1114 978 annis
1134 923 1262 996 quatuor

160 1031 339 1094 tantumvel
362 1030 493 1110 quinque
514 1027 672 1088 unciarum
695 1025 770 1088 cibis
782 1015 861 1088 ⁴usus
883 1034 939 1088 cst.
962 1025 1025 1088 Olei
1040 1033 1139 1088 autem
1160 1033 1263 1088 sexta-

162 1138 243 1200 rium
265 1157 344 1201 anno
366 1139 396 1199 in
418 1138 588 1199 alimentum
612 1137 804 1216 consumpsit·
839 1135 900 1199 lam
923 1136 959 1198 ad
980 1137 1087 1198 libram
1107 1135 1264 1200 duodecim

163 1246 272 1310 unciae
293 1248 421 1310 redeunt
434 1244 476 1328 ¹).
499 1245 545 1308 Ac
567 1242 691 1326 Ξέστης
714 1265 769 1308 seu
790 1247 955 1308 sextarium
977 1246 1037 1308 olei
1058 1245 1265 1328 duodeviginti

159 1356 229 1420 dere
259 1357 363 1419 uncias
390 1356 496 1419 babuit
510 1351 554 1438 ι).
606 1354 692 1416 Unde
724 1355 931 1419 abstinentiam
958 1354 1081 1418 llaoarii
1107 1356 1264 1417 maximam

161 1465 256 1530 fuisse
277 1463 455 1548 appareti).
499 1465 563 1528 Nec
596 1465 694 1528 solum
727 1464 795 1528 oleo
829 1468 921 1529 senes
944 1467 975 1528 in
997 1465 1181 1544 alimentum,
1211 1465 1265 1528 sed

160 1577 252 1640 etiam
274 1577 312 1639 ad
334 1575 513 1659 unguendae
542 1583 573 1638 ct
594 1575 769 1640 molliendas
802 1575 839 1637 ab
871 1593 965 1656 opere
986 1591 1093 1639 manus
1114 1575 1159 1639 uti
1180 1576 1266 1641 sole-

161 1693 295 1777 bant⁴);
319 1711 335 1756 a
358 1712 418 1774 quo
444 1711 502 1756 usu
523 1693 582 1754 iam
604 1691 634 1756 S.
657 1691 807 1756 Antonius
831 1683 874 1755 se
887 1694 1028 1756 abstinuit
1037 1690 1077 1775 ι).
1101 1691 1148 1756 Ac
1170 1687 1265 1750 coctis

162 1805 238 1888 cibis
260 1803 347 1866 multi
369 1820 458 1866 senes
482 1803 530 1866 usi
551 1821 612 1865 non
641 1821 709 1866 esse
731 1803 882 1866 dicuntur.
926 1803 973 1866 Ex
1006 1789 1115 1882 quibus
1137 1801 1265 1864 Ammo-

163 1915 233 1976 nius
253 1913 325 1976 inde
346 1931 364 1974 a
384 1913 659 1993 iuventutemque
681 1913 718 1976 ad
740 1923 868 1977 mortem
887 1915 960 1978 solis
972 1914 1073 1976 crudis
1096 1912 1170 1975 cibis
1191 1929 1266 1975 ues-

165 2025 301 2102 cenatur,
322 2041 381 2086 nec
403 2041 544 2104 unquam,
566 2024 646 2103 quod
667 2025 731 2106 igni
749 2025 899 2088 admotum
916 2035 1007 2102 esset,
1029 2024 1160 2087 comedit
1174 2039 1266 2114 pgae-

165 2142 214 2196 ter
245 2132 406 2216 panem‘).
463 2135 584 2216 Moyses
619 2132 711 2199 abhas
740 2155 780 2200 ex
812 2135 930 2198 latrone
963 2134 1126 2197 monachus
1153 2133 1265 2212 factus,

157 2260 257 2324 quum
280 2243 439 2322 plurimum
461 2253 641 2325 operaretur
660 2255 692 2310 et
713 2247 929 2328 quinquaginta
961 2245 1113 2309 orationes
1133 2243 1267 2324 quotidie

158 2363 336 2436 perageret,
365 2355 439 2418 nihil
471 2365 591 2436 praeter
625 2358 739 2420 siccum
775 2359 935 2420 duodecim
967 2357 1125 2419 unciarum
1160 2371 1266 2434 panem

162 2467 290 2545 sumpsit
300 2464 344 2549 ⁷).
363 2456 477 2546 'Apollo
492 2467 583 2528 abbas
605 2485 666 2529 non
689 2469 814 2548 amplius
834 2486 923 2547 quam
945 2467 1038 2546 olera,
1061 2483 1137 2545 quae
1159 2471 1267 2543 sponte

162 2585 330 2638 nascuntur
351 2574 383 2636 in
404 2584 497 2654 terra,
514 2593 748 2656 -nequepanem,
769 2595 827 2638 nec
849 2577 1000 2658 legumen,
1024 2593 1122 2654 neque
1144 2593 1184 2636 ex
1205 2571 1267 2634 fru-
1347 2605 1354 2608 -

164 2685 265 2748 atibus
277 2683 420 2746 arborum
432 2684 602 2763 quidquam,
624 2701 722 2764 neque
734 2685 913 2763 omninoea,
934 2685 1043 2764 quibus
1062 2685 1127 2766 igni
1141 2682 1267 2746 admotis

163 2793 303 2858 homines
336 2801 514 2873 vescuntur,
544 2793 729 2879 comedim).
787 2795 941 2875 Serapion
962 2793 1115 2859 Sindonita
1146 2803 1267 2875 praeter

163 2923 273 2986 panem
296 2911 327 2966 ct
350 2921 456 2984 aquam
478 2903 551 2966 nihil
574 2907 700 2986 sumpsit
709 2901 752 2988 9).
775 2905 936 2988 Euagrius,
965 2883 1084 2987 exque
1106 2905 1136 2968 in
1158 2905 1267 2969 solitu-

89 3173 95 3180 ·
197 3105 226 3170 1)
245 3100 339 3154 Bocklr
359 3101 498 3170 Metrolog.
521 3101 752 3172 Uetersuchungen
773 3103 843 3162 Berl.
866 3105 940 3158 1838
959 3121 986 3172 p.
1003 3105 1063 3158 ‚too
1084 3121 1142 3174 sqq.

198 3192 228 3256 2)
249 3190 317 3246 lbid.
337 3206 362 3261 p.
386 3193 419 3244 17
443 3207 499 3260 sqq.
539 3189 578 3246 Cf.
599 3192 690 3258 Staph.
713 3192 790 3250 Thes.
810 3210 831 3250 s.
851 3211 893 3251 vv.
914 3194 1010 3260 Ξέσιης
1029 3203 1055 3246 et
1076 3195 1187 3265 Odyula.

192 3279 226 3344 3)
244 3273 375 3346 Euagrius
396 3279 589 3346 quatuordecim
609 3281 684 3342 annis
705 3281 801 3334 librom
814 3283 889 3348 panis
904 3281 1020 3350 quotidie
1041 3299 1071 3333 ac
1091 3285 1174 3334 tribua
1193 3299 1267 3333 men-

245 3369 318 3419 sibus
339 3366 478 3420 sestarium
498 3367 552 3419 olei
573 3365 740 3436 consumpsit.
781 3371 848 3422 Hist.
870 3371 946 3422 Laus.
970 3361 1010 3427 cd.
1031 3370 1127 3427 Meurs.
1152 3385 1209 3436 cap.
1231 3369 1268 3424 88

246 3453 423 3522 (lucidamus.
443 3455 460 3510 l.
481 3453 498 3511 l.
519 3471 545 3521 p.
559 3455 624 3512 553.
654 3457 805 3510 Dorotheus
826 3475 906 3511 senex
927 3459 1044 3528 quotidie
1063 3478 1110 3513 see
1128 3463 1269 3513 unciarum

247 3559 339 3610 parem
360 3544 471 3618 comedit
491 3560 522 3623 ac
540 3545 668 3598 modicun
688 3563 771 3616 aquae
791 3547 864 3604 bibit.
885 3549 951 3606 lbid.
971 3565 1028 3626 cap.
1049 3552 1066 3604 2
1086 3565 1112 3618 p.
1131 3548 1196 3606 349.
1215 3547 1270 3602 Ab·

246 3631 293 3686 bas
305 3633 386 3698 Elias,
407 3649 488 3684 senex
509 3649 585 3700 quum
606 3643 683 3699 esset,
705 3639 785 3689 trium
802 3640 945 3692 unciarum
964 3654 1056 3704 panem
1077 3646 1103 3691 et
1121 3645 1175 3690 tres
1196 3637 1268 3690 oleos

246 3719 363 3790 quotidie
384 3719 504 3775 eomedit.
524 3719 591 3778 lbid.
611 3736 637 3787 p.
657 3717 722 3776 493.

195 3807 228 3876 4)
249 3809 351 3878 Regula
372 3809 398 3864 S.
418 3808 550 3862 Pachumii
577 3811 604 3862 in
625 3811 709 3862 llolst.
733 3809 796 3870 Cod.
816 3813 970 3881 Regularum
991 3814 1033 3870 ed.
1052 3814 1120 3882 Aug.
1140 3812 1266 3866 Vindelic.

250 3898 323 3952 1759
344 3913 369 3964 p.
390 3897 437 3960 31,
462 3900 484 3952 1.

196 3985 226 4053 5)
246 3987 307 4038 Vita
327 3987 353 4044 S.
372 3985 478 4038 Antonii
499 4002 556 4053 cap.
578 3989 593 4040 7
616 3982 681 4054 Opp.
701 3987 796 4046 Athen.
816 3987 843 4046 Τ.
864 3987 876 4040 1
895 3989 922 4046 Ρ.
943 3991 968 4042 11
987 3986 1019 4056 p.
1034 3989 1099 4045 638.

197 4075 229 4140 6)
251 4076 317 4128 Hist.
340 4074 416 4128 Laus.
438 4073 479 4129 ed.
501 4075 597 4130 Meurs.
617 4091 673 4142 cap.
697 4073 732 4130 14
753 4075 819 4146 Opp.
839 4079 933 4136 Maure.
954 4077 1009 4136 l.‘l.
1028 4093 1054 4144 p.
1075 4077 1140 4136 377.
1203 4085 1205 4091 ’

198 4164 228 4230 7)
249 4161 317 4216 lbid.
338 4179 395 4230 cap.
417 4163 498 4229 231).
521 4160 587 4216 llo.
951 4195 954 4202 ,

197 4249 228 4318 8)
248 4250 315 4308 lbid.
336 4267 392 4318 cap.
414 4251 450 4304 53
470 4266 497 4317 p.
517 4246 582 4308 496.

199 4339 230 4406 9)
250 4339 319 4393 lbid.
332 4355 397 4417 teng.
418 4340 456 4396 84
476 4353 501 4406 p.
523 4337 587 4397 542.
