2990 4986
661 365 906 442 ..22-

233 587 321 634 suum
355 567 516 632 adventum
549 567 586 631 ab
607 565 768 648 Apollonio
797 565 983 648 praedictum
1010 581 1079 630 esse
1106 567 1137 627 in
1158 565 1232 629 Hist.
1254 565 1337 628 Lau-

233 680 315 744 siaca
335 678 441 742 iisdem
463 679 551 758 plane
572 677 673 742 verbis
695 685 807 741 namot.
821 673 852 760 ι)
896 675 953 741 Ubi
980 693 1021 738 ue
1053 673 1226 755 offendaris,
1255 675 1337 758 quod

236 789 384 854 Palladius
415 789 526 852 dicitur
558 789 679 852 venisse
700 787 927 870 Hierosolymis.
982 787 1057 850 Nam
1089 785 1248 866 Palladius,
1280 787 1338 850 etsi

236 917 346 964 novem
366 917 460 964 annos
482 899 663 964 ordinariam
683 899 786 963 sedem
813 897 844 962 in
866 897 967 961 Celliis
994 898 1118 978 fixerat,
1150 899 1209 961 hoc
1237 906 1338 960 tamen

235 1011 303 1092 ipso
325 1018 461 1091 tempore
481 1027 696 1091 nonnunquam
716 1009 930 1092 peregrinatus
952 1017 1008 1072 est.
1042 1007 1130 1071 Circa
1153 1027 1263 1071 annum
1274 1005 1339 1070 394

237 1119 454 1202 Hierosolymis
476 1118 578 1187 adluit.
624 1119 710 1194 Quod
733 1117 860 1198 epistola
882 1119 1010 1198 indicat,
1032 1138 1119 1200 quam
1148 1119 1247 1200 paullo
1269 1127 1339 1182 ante

237 1227 274 1291 ad
296 1230 469 1310 episcopum
482 1229 761 1313 Hierosolymorum
783 1231 819 1292 ab
832 1230 996 1311 Epiphanio
1019 1232 1160 1312 scriptam
1182 1247 1260 1292 anno
1275 1225 1339 1292 394

237 1339 438 1424 Hieronymus
459 1341 551 1404 latine
571 1341 712 1406 reddidit.
756 1341 847 1405 Cuius
867 1342 899 1404 in
929 1341 988 1404 fine
1016 1341 1214 1422 Epiphanius:
1251 1339 1340 1420 ,Pal-

239 1449 350 1514 ladium
377 1469 464 1532 vero,
492 1452 599 1534 inquit,
628 1452 770 1533 Galatam,
799 1454 851 1535 qui
872 1453 1021 1534 quondam
1051 1453 1138 1515 nobis
1163 1469 1252 1515 carus
1274 1451 1340 1533 fuit,

237 1567 271 1625 et
291 1580 371 1624 nunc
392 1564 600 1628 misericordla
621 1563 677 1628 Dei
699 1566 832 1648 indiget,
861 1582 947 1643 cave,
976 1565 1045 1645 quia
1066 1563 1209 1646 Origenis
1229 1561 1341 1626 haere·

239 1672 296 1736 sim
316 1673 469 1754 praedicat
491 1683 522 1738 ct
536 1675 634 1756 docet,
656 1693 696 1738 ne
718 1674 798 1740 forte
821 1675 937 1758 aliquos
959 1675 997 1738 de
1018 1674 1128 1755 populo
1149 1675 1203 1737 tibi
1225 1674 1340 1738 credito

239 1784 277 1850 ad
297 1785 525 1865 perversitatem
547 1787 594 1850 sui
615 1787 736 1852 inducat
758 1787 903 1852 erroris.“
920 1785 954 1871 ²)
976 1787 1114 1850 Exeunte
1136 1804 1214 1848 anno
1233 1784 1297 1848 394
1308 1781 1340 1870 3)

239 1895 386 1958 Palladius
407 1895 553 1960 Joannem
583 1899 614 1962 in
634 1899 717 1982 Lyco
749 1899 862 1978 invisit,
901 1905 991 1979 atque
1021 1915 1076 1961 sex
1111 1896 1155 1959 illi
1190 1897 1265 1959 socii
1308 1913 1342 1958 se

239 2005 457 2090 Hierosolymis
470 2011 591 2073 venisse
616 2009 878 2091 apertcfatentur;
900 2027 967 2070 nam
985 2008 1094 2071 Joanni
1116 2024 1193 2088 „pro
1204 2005 1342 2084 utilitate,

240 2114 394 2196 inquiunt,
422 2120 586 2185 animarum
617 2130 788 2186 nostrarum
817 2121 854 2183 ad
880 2130 911 2185 te
940 2120 1076 2182 venimus
1105 2119 1142 2181 ab
1164 2115 1342 2193 Jerusalem,

241 2234 287 2305 ut,
319 2228 400 2307 quod
428 2229 579 2293 auditione
612 2248 844 2312 acceperamus,
877 2230 907 2293 id
936 2247 1131 2292 demeremus
1164 2228 1282 2292 oculis“
1296 2225 1341 2311 ι).

242 2335 327 2399 Unde
355 2338 473 2418 quando
506 2340 652 2404 Palladius
674 2341 890 2424 Hierosolymis
918 2339 1024 2422 buerit,
1058 2349 1090 2404 et
1122 2340 1239 2419 quando
1273 2339 1342 2401 inde

241 2443 340 2510 redux
360 2445 457 2513 lactus
478 2449 527 2530 sit,
550 2460 680 2532 apparet.
725 2450 759 2516 ln
782 2449 887 2514 eodem
909 2468 984 2514 vero
1006 2451 1106 2512 reditu
1125 2449 1342 2532 Hierosolymis

242 2556 388 2622 Palladius
409 2577 478 2622 cum
499 2560 616 2626 duobos
638 2561 728 2624 sociis
749 2559 941 2641 Apollonium
962 2578 1083 2642 quoque
1115 2561 1252 2624 inviserit
1283 2579 1343 2623 ne-

243 2686 330 2733 cesse
352 2680 407 2736 est
429 2671 506 2736 Nam
527 2673 623 2738 altero
643 2673 675 2736 in
696 2673 893 2736 Palaestinam
914 2671 1023 2736 itinere
1044 2671 1223 2735 valetudinis
1245 2673 1344 2754 gratia

243 2780 340 2844 tribus
361 2781 447 2843 annis
469 2791 548 2862 post,
570 2802 659 2863 quam
681 2785 830 2846 loannem
858 2785 889 2846 in
910 2784 993 2865 Lyco
1022 2783 1178 2864 inviserat,
1201 2791 1343 2861 suscepto

243 2903 305 2950 non
326 2889 359 2950 in
377 2889 550 2972 Aegyptum
570 2893 669 2974 rediit,
691 2895 745 2958 sed
765 2895 797 2958 in
808 2894 976 2976 Bithyniam
996 2894 1089 2974 venit,
1111 2894 1163 2956 ubi
1184 2893 1344 2975 episcopus

245 2997 401 3063 ordinatus
422 3010 479 3066 cst·
496 2997 528 3084 ⁵)

252 3163 499 3178 m—

276 3266 302 3327 l)
322 3263 389 3318 Hist.
410 3261 487 3320 Laus.
506 3279 564 3332 cap.
589 3264 634 3321 53.
655 3262 722 3333 0pp,
743 3267 837 3324 Heurs.
857 3267 875 3324 l.
895 3266 913 3324 l.
935 3282 961 3334 p.
983 3267 1048 3320 503.

276 3351 304 3421 2)
326 3351 375 3418 Ep.
396 3351 441 3408 51.
462 3349 529 3420 0pp.
549 3352 655 3410 Hieron.
673 3353 715 3410 cd.
734 3355 822 3422 blignc
841 3353 871 3407 Τ.
894 3358 905 3407 Ι
926 3369 952 3422 p.
968 3355 1033 3410 527.

274 3441 304 3506 3)
324 3438 432 3492 Duobus
452 3439 552 3492 scillcet
571 3441 702 3494 mensibus
723 3451 784 3496 ante
804 3443 947 3506 victoriam,
975 3459 1050 3511 qnam
1081 3441 1243 3494 Theodosius
1272 3443 1344 3496 Vlll.

323 3527 362 3584 ld.
384 3529 541 3598 Septembris
561 3530 594 3582 de
613 3531 732 3600 Eugenio
752 3534 904 3600 reportavit,
923 3532 1097 3586 Alexandriae
1117 3533 1266 3584 nrrntiatam.

273 3615 302 3688 4)
323 3621 384 3672 VV.
404 3623 457 3676 1³1³.
485 3620 574 3672 llosw.
602 3619 647 3678 lib.
676 3623 712 3686 ll,
740 3637 766 3689 p.
786 3619 852 3687 451,
881 3624 905 3678 l.
945 3621 1010 3678 Hist.
1032 3621 1107 3674 Laus.
1129 3637 1185 3690 cap.
1208 3618 1246 3676 44
1275 3619 1344 3689 opp.

323 3707 417 3763 Meurs.
437 3707 455 3764 l.
474 3707 492 3765 l.
511 3724 537 3776 p.
557 3705 623 3766 473.
1082 3751 1084 3755 .

273 3794 303 3861 5)
324 3796 389 3852 Hist.
409 3797 484 3849 Laus.
507 3814 564 3866 cap.
583 3794 621 3851 44
643 3795 709 3866 0pp.
728 3801 824 3856 Heurs.
843 3799 861 3855 l.
882 3797 899 3855 l.
920 3814 946 3865 p.
967 3797 1033 3856 472.
1072 3799 1251 3853 Tillemontius
1273 3799 1346 3864 (llb-

322 3887 418 3938 moires
439 3885 467 3938 T.
489 3891 539 3939 Xll
557 3903 581 3954 p.
604 3887 670 3951 oto,
691 3889 721 3954 2)
742 3889 852 3954 putavit,
875 3889 1024 3955 scriptorem
1044 3889 1104 3940 libri
1125 3890 1233 3941 secundi
1255 3904 1346 3940 senem

303 4019 305 4024 .
322 3975 488 4042 Apollonium
507 3984 568 4028 ante
587 3991 680 4028 annum
700 3977 756 4029 385
777 3978 916 4040 invisisse;
945 3977 992 4029 sed
1017 3978 1100 4041 locus,
1129 3993 1181 4046 quc
1203 3978 1346 4032 Tillcmon·

255 4101 263 4110 ,
322 4066 374 4116 tius
393 4067 521 4128 innititur,
541 4081 557 4117 a
576 4064 655 4118 latino
676 4065 735 4117 libri
756 4067 898 4132 interprete
912 4079 1045 4132 perperam
1056 4068 1172 4120 redditus
1193 4075 1243 4131 est,
1264 4066 1345 4135 qaod,

324 4153 345 4202 si
367 4153 505 4206 Historiam
532 4153 608 4204 Laus.
637 4151 671 4204 de
699 4154 790 4206 eodem
823 4169 885 4206 sene
914 4156 1064 4220 contuleris,
1096 4157 1174 4208 lacile
1204 4156 1346 4224 intelliges.

324 4237 432 4293 Ceterae
452 4251 537 4293 autem
558 4240 733 4304 difficultates,
760 4259 827 4311 quae
848 4243 1010 4296 Tillernontio
1031 4245 1102 4296 aliud
1122 4253 1223 4313 tempus
1244 4248 1346 4300 itineris

324 4329 479 4398 Aegyptiaci
500 4329 615 4382 indicare
635 4332 708 4386 visae
728 4339 797 4395 sunt,
819 4331 941 4388 facillime
961 4334 1128 4401 explicantur.
