2974 4964
569 355 943 428 ·-cr-

272 556 423 622 llamhres
458 555 537 640 mnp'
565 554 641 620 llcsi
672 552 866 620 adversantes
897 557 1091 638 vocabantur,
1123 558 1197 624 esus
1217 559 1371 640 snhpuam

272 667 375 732 fuisse.
398 666 498 748 Amne
519 663 626 730 aedem
647 664 769 728 nomina
788 664 870 747 megi
890 665 941 730 isti
962 683 981 730 a
1001 665 1190 750 Tnngnmista
1211 667 1370 756 lonathnn,

271 795 332 842 nec
362 795 424 840 non
454 777 486 842 in
515 773 638 842 'lnlmud
669 773 852 856 Babylonico
863 782 883 854 ¹)
920 776 1115 858 appellantur.
1173 778 1238 844 Nec
1271 783 1372 848 solum

274 889 352 970 epod
366 887 508 965 ludaeos,
529 885 583 950 sed
605 885 694 951 etiam
717 885 795 966 apud
806 885 949 967 Graecos,
970 895 1002 952 et
1023 889 1102 970 apud
1123 888 1273 956 Romanos
1294 893 1373 958 lan-

272 1017 327 1064 nes
350 1005 380 1060 er
400 995 549 1062 numeres
569 995 658 1060 nance
679 996 813 1078 magnos
839 996 913 1060 arce
935 997 1114 1064 floruerunt.
1156 999 1233 1064 nam
1254 981 1377 1070 rnnes'

273 1119 305 1176 et
325 1109 474 1174 hlambres
495 1125 602 1192 magos
623 1107 738 1170 arcibus
760 1105 885 1190 magicis
906 1107 1097 1186 excelluisse,
1129 1119 1161 1176 et
1183 1111 1220 1174 eh
1240 1111 1373 1196 Acgyp-

272 1221 382 1288 tiorum
404 1218 515 1300 populo
536 1218 658 1284 Musaeo
682 1217 780 1296 (blosi)
802 1217 956 1298 oppositos
978 1236 1058 1298 esse,
1078 1217 1245 1287 Numenius
1257 1222 1371 1304 Pytha-

273 1349 404 1414 poscens
432 1331 464 1394 in
491 1329 672 1413 fragmento,
704 1328 786 1410 quod
817 1337 864 1394 est
893 1329 970 1410 apud
997 1329 1160 1396 Eusebium
1174 1335 1208 1412 ²),
1238 1333 1371 1414 scripsit.

272 1441 319 1509 Ac
341 1441 454 1506 Plinius
465 1444 503 1518 ⁸):
539 1439 623 1520 „Est
650 1439 757 1520 inquit,
788 1447 819 1502 et
846 1439 902 1504 elic
922 1439 1056 1521 llegices
1084 1441 1173 1508 factio
1195 1462 1213 1508 a
1232 1444 1320 1509 hlcse
1341 1455 1371 1512 et

273 1552 379 1632 lanne
400 1558 432 1614 et
452 1550 560 1632 lotape
581 1549 702 1614 ludaeis
725 1550 894 1630 pandens“.
935 1549 1179 1636 heuphemgins
1200 1555 1231 1618 in
1244 1555 1370 1636 Dynast.

273 1663 297 1728 l.
319 1661 527 1728 Artemonium
549 1660 697 1742 quendam
715 1659 826 1742 laudat,
847 1661 899 1742 qui
908 1660 1133 1726 Mosen-decem
1153 1681 1247 1732 annos
1267 1674 1371 1730 natum

273 1773 371 1838 afilia
391 1771 552 1836 Pharaonis
574 1769 686 1842 lennes
714 1780 746 1836 et
765 1769 915 1834 Mambrae
943 1771 1126 1853 sapientibus
1154 1773 1369 1840 instituendum

272 1883 413 1950 traditum
434 1898 503 1946 esse
524 1881 662 1944 docuerit
672 1881 708 1960 ‘).
750 1879 852 1961 Atque
873 1881 905 1944 in
926 1889 1031 1946 vetera
1043 1881 1195 1948 llidrasch
1216 1883 1254 1950 ad
1271 1885 1370 1952 llxod.

271 1995 340 2075 XV,
352 1994 392 2058 10
400 1993 552 2074 „loannes
564 1992 750 2058 athlamras“
764 2009 869 2076 magos
881 1993 1055 2058 submersos
1067 2011 1137 2058 esse
1149 1995 1265 2060 inmari
1275 1997 1369 2062 rubro

272 2115 422 2188 narretur,
444 2123 574 2186 quocum
595 2113 700 2168 celena
721 2105 841 2170 arabica
861 2123 917 2168 ms.
940 2105 971 2170 in
993 2105 1224 2170 Pentateuchum
1253 2126 1372 2172 conve-

273 2219 328 2297 nit,
349 2219 381 2282 in
403 2191 463 2297 qna
482 2215 558 2280 haec
579 2215 744 2282 hahentur:
770 2216 869 2296 „llaec
891 2217 1011 2280 nomine
1033 2236 1215 2301 magorum·
1229 2221 1282 2302 qui
1304 2227 1372 2286 ste-

272 2337 375 2396 terunt
405 2337 510 2394 contra
538 2327 657 2394 llnsen:
691 2327 850 2405 Deiannes,
878 2327 1033 2392 Jambcres
1055 2339 1087 2396 ct
1107 2330 1246 2396 Sarnios.
1289 2332 1373 2396 Deus
1475 2349 1476 2428 3

272 2458 347 2506 vcro
369 2452 425 2504 eos
444 2437 575 2521 perdidit
595 2438 626 2502 in
648 2437 723 2502 mari
745 2439 858 2502 rubro“
871 2445 901 2518 ⁵).
925 2441 1010 2505 Unde
1031 2441 1249 2522 flammandos)
1270 2445 1370 2510 visum

272 2561 329 2631 est,
358 2549 436 2631 apud
457 2549 621 2616 Palladium
641 2567 697 2630 pro
719 2546 926 2632 Κηποτάφιον
952 2550 1113 2634 legendnm
1140 2571 1212 2618 esse
1232 2553 1370 2618 Keroui-

272 2685 347 2746 φιον
375 2662 395 2726 i.
424 2679 452 2726 a.
481 2660 674 2742 sepulchrum
702 2679 842 2728 vacuum.
885 2660 941 2726 cui
967 2663 1091 2730 Palladii
1118 2669 1262 2749 namatio,
1295 2669 1370 2732 dne-

271 2787 376 2834 mcnes
398 2770 522 2850 dixisse,
550 2771 586 2836 eh
608 2772 681 2852 ipsis
702 2789 809 2856 magos
830 2771 872 2836 ihi
893 2773 1027 2854 sepultos
1060 2793 1140 2858 esse,
1169 2784 1368 2862 repugnnt’).

272 2878 470 2959 Sepulchrum
496 2899 571 2946 vero
600 2882 632 2946 in
663 2882 752 2948 horto
782 2883 942 2950 arboribus
972 2888 1103 2968 consito,
1134 2891 1238 2972 quales
1260 2891 1370 2954 etiam-

301 3094 331 3158 1)
352 3091 435 3150 Traot.
455 3094 611 3147 Mennchcth
631 3111 690 3163 cup.
708 3100 751 3153 ill.

298 3185 330 3248 2)
351 3181 443 3247 Pracp.
463 3197 556 3251 evang.
579 3183 625 3248 IX,
646 3185 673 3238 8.
1474 3209 1475 3238 ;

296 3274 327 3340 3)
348 3271 570 3338 llatllistxxll,
592 3276 619 3328 2.
641 3273 689 3326 lld.
702 3275 734 3328 (le
746 3273 921 3345 &andeagna
942 3277 1013 3330 Paris
1037 3277 1118 3334 1829.
1138 3277 1166 3334 Τ.
1178 3277 1240 3330 VIll
1261 3292 1286 3344 p.
1302 3277 1369 3330 288.
1474 3267 1475 3330 ζ

347 3358 387 3416 cf.
407 3366 482 3412 notas
502 3361 539 3413 ibi
559 3362 592 3414 ad
612 3362 629 3420 l.
649 3363 668 3416 l;
690 3364 813 3423 adiectas.

294 3445 325 3516 4)
346 3448 527 3504 Bar-flehrrei
548 3447 643 3504 llhron.
665 3452 733 3519 Dpn.
755 3453 798 3510 erl.
818 3452 919 3506 llirsch.
941 3451 1013 3518 Lips.
1038 3450 1111 3507 1788
1131 3467 1157 3518 p.
1179 3447 1222 3507 14.

297 3539 327 3606 5)
349 3538 427 3590 llenr.
450 3539 600 3593 llammoml.
622 3541 655 3594 ad
675 3545 701 3594 11
721 3541 831 3594 Timoth.
855 3541 881 3608 3,
903 3541 930 3597 8.

293 3628 326 3692 fi)
347 3625 414 3684 lbid.

295 3717 325 3784 7)
346 3717 477 3783 llagorum
497 3718 600 3770 nomina
618 3718 688 3785 epnh
709 3719 796 3770 venos
816 3718 956 3784 scriptores
976 3719 1049 3772 varie
1068 3718 1198 3786 leguntur.
1240 3719 1272 3774 ln
1291 3717 1323 3770 ll.
1338 3715 1368 3769 Τ.

347 3806 468 3874 leguntur
482 3806 584 3873 Ἰαννῆς
604 3815 630 3859 et
645 3807 779 3880 Ἰαμβρῆς,
810 3815 887 3878 atqua
906 3810 934 3861 in
962 3808 1025 3864 aclis
1045 3807 1149 3862 (luobus
1178 3805 1254 3862 codd.
1273 3805 1373 3874 legitur
1473 3853 1474 3876 p

345 3900 489 3967 Μαμβρῆς·
510 3899 541 3948 ln
561 3896 680 3966 Vulgata,
701 3898 847 3966 Euangelio
866 3899 998 3953 Nicoclemi
1026 3908 1053 3952 et
1074 3898 1144 3967 apud
1164 3897 1253 3950 Patres
1285 3889 1372 3944 belre-

343 3993 386 4038 tnr
405 3983 483 4038 lectio
504 3987 637 4040 Mambrae
657 3995 735 4056 atqua
754 3988 881 4040 interdum
901 3989 1015 4042 locanes.
1042 3992 1073 4042 ln
1093 3987 1212 4052 Peschitu
1226 3989 1369 4037 voantur:
1473 4001 1474 4056 p

343 4076 419 4128 lonis
439 4083 466 4126 et
485 4077 629 4140 lumbaria,
649 4078 676 4128 in
697 4075 811 4140 helmet,
838 4076 980 4145 'serpentia
1000 4083 1027 4129 et
1046 4075 1120 4128 libris
1140 4073 1257 4129 rabbin.:
1291 4073 1371 4126 larris

344 4156 371 4216 et
390 4165 515 4229 lambris,
542 4166 658 4228 iamnes,
679 4165 783 4229 lanam,
803 4165 912 4230 laesor,
932 4167 1022 4230 Jorrcr,
1042 4165 1169 4228 Jcclrurre,
1189 4161 1300 4225 Jnclrrre,
1320 4162 1371 4214 Jo-

299 4244 302 4250 ’
345 4253 432 4304 ebone
458 4261 485 4304 et
503 4255 614 4318 Morere,
633 4253 764 4317 lambros,
785 4253 913 4319 haebrea,
941 4255 1069 4308 lustru.
1110 4249 1152 4306 (ll.
1174 4249 1289 4306 coteler.
1316 4251 1369 4304 1²1³.

345 4341 488 4407 Apostolic.
509 4341 541 4394 acl
562 4341 765 4409 Genethllpost.
781 4343 853 4407 vni,
877 4346 901 4399 1.
939 4343 1010 4414 Allg.
1033 4342 1214 4410 Encpclep.v.
1235 4339 1328 4398 Erech.
1342 4357 1370 4393 u.
