2974 4964
585 288 831 389 499..

241 513 389 580 Sacerdos
409 512 471 592 ille,
493 515 545 594 qui
566 495 819 604 fornicane'sacra
833 527 1002 602 peregerat,
1025 519 1167 586 nonnisi
1188 523 1255 598 duta

154 625 224 705 fide,
235 642 361 688 munera
382 623 550 688 sacerdotis
566 625 807 704 senonamplius
821 623 973 692 obiturum
994 647 1072 710 esse,
1095 631 1255 697 alfaoario

88 819 90 823 Ι
155 747 287 802 sanatur.
332 735 455 800 Veteris
476 736 555 798 enim
577 735 727 798 ccclesiae
758 737 914 819 disciplina
945 740 1010 821 mit,
1041 750 1075 806 ut
1103 744 1256 822 sacerdos,

156 850 208 930 qui
241 849 342 912 carnis
379 855 532 928 peccatum
561 855 613 909 aot
641 847 722 910 aliud
753 862 849 930 mave
866 849 990 912 'crimen
1012 854 1211 934 commiserat,
1240 874 1257 917 a

156 959 325 1024 ministerio
355 959 457 1022 altoris
489 955 702 1038 prohiberetur
734 969 765 1022 et
787 955 824 1021 ad
851 955 998 1054 laieorum
1020 966 1258 1028 communionem

155 1071 362 1153 redigeretur.
408 1069 498 1132 Cuius
521 1069 657 1148 exempla
676 1057 748 1134 ¹sunt
770 1071 801 1133 in
823 1071 953 1136 Decreta
982 1071 1114 1138 Gratiani
1125 1072 1155 1157 ¹]
1178 1083 1210 1137 et
1229 1077 1260 1138 in

160 1181 248 1246 libris
271 1181 531 1262 poenitentialibus
542 1177 585 1264 ¹).
617 1181 766 1244 Macarius
788 1168 948 1262 infelicem,
972 1186 1021 1246 cui
1042 1184 1261 1250 funestissimus

159 1292 263 1354 cancri
291 1291 414 1355 morbus
447 1293 487 1354 cb
516 1291 597 1356 istud
628 1300 783 1372 peccatum
805 1301 870 1356 erat
891 1293 1032 1372 inflictus,
1066 1285 1144 1357 uum‘
1158 1295 1262 1360 eredat

157 1402 255 1464 Deum
267 1420 344 1481 esse,
357 1419 446 1482 quem
461 1401 533 1464 nihil
543 1402 645 1482 lateat,
659 1421 716 1464 nec
731 1397 1029 1484 quisquamilludere
1048 1395 1153 1486 possit,
1171 1421 1262 1470 num-

157 1529 218 1591 que
239 1520 407 1594 cognoscat
423 1519 585 1592 peccatum
606 1529 705 1592 suum,
727 1513 905 1596 interrogat·
929 1515 1012 1588 Quae
1023 1531 1115 1594 quum
1137 1520 1263 1582 annuis-

157 1632 204 1686 set
225 1629 256 1684 et
276 1631 400 1702 peccata
413 1622 573 1700 confessus
588 1633 680 1712 esset,
701 1625 808 1686 morbo
820 1623 965 1688 liberatus
980 1634 1035 1689 est.
1058 1625 1204 1706 Equidem
1215 1629 1262 1692 his

156 1732 280 1806 llaomii
290 1733 580 1816 interrogationibus
601 1731 738 1798 ordinem
761 1725 942 1798 addendam
963 1737 1176 1816 poenitentiam
1198 1747 1261 1801 tum

157 1844 300 1908 usitatum
321 1844 472 1908 contineri
493 1843 689 1920 crediderim;
712 1861 780 1908 nam
800 1845 832 1908 in
853 1845 932 1908 libro
947 1848 1150 1926 poenitentiali
1162 1847 1262 1910 Bedae

158 1951 373 2037 presbyterfl)
407 1955 551 2018 sacerdos
587 1957 734 2020 consimili
760 1957 850 2020 modo
884 1939 1086 2038 poenitentem
1123 1961 1261 2038 primum,

160 2081 233 2126 nurn
255 2065 286 2126 in
307 2064 403 2128 Deum
425 2066 538 2159 opedat,
562 2067 690 2148 denique
711 2085 782 2130 num
804 2078 926 2148 peccata
954 2069 1012 2149 ipsi
1034 2061 1149 2132 demitti
1179 2068 1262 2147 velit,

158 2175 350 2258 interrogare
371 2177 502 2245 iubetur.
525 2176 595 2240 atio
617 2179 719 2241 cancri
740 2179 858 2258 morbo,
887 2179 939 2261 qui
961 2177 1139 2261 φαγέδαινα
1162 2180 1263 2242 nomi-

158 2286 295 2366 nabatur,
318 2266 490 2370 Stepbauus
512 2289 604 2372 libys
627 2307 742 2372 genere
764 2300 940 2374 aegrotasse
960 2291 1074 2373 legitur
1084 2289 1127 2374 ⁴).

233 2397 291 2462 ..lle
308 2399 423 2464 iuvene
445 2383 538 2464 illoa
561 2401 708 2464 daemone
728 2411 850 2480 vexato,
883 2417 972 2481 quem
986 2398 1142 2464 'Macarius
1164 2399 1263 2460 mani-

160 2508 217 2572 bus
239 2509 272 2575 in
304 2520 394 2590 caput
423 2519 454 2574 ct
484 2526 540 2574 cor
569 2513 635 2575 eius
668 2513 822 2592 impositis
848 2513 974 2591 sanavit,
1013 2525 1073 2572 non
1103 2519 1150 2573 est
1182 2509 1264 2589 quod

161 2620 355 2688 disseramus.
399 2621 509 2684 Mirum
532 2632 631 2686 autem
651 2622 692 2698 id,
726 2623 808 2702 quod
831 2623 979 2702 sequitur,
1007 2621 1134 2700 cuipiam
1156 2619 1264 2680 videa-

161 2741 225 2808 tur,
259 2747 314 2792 cur
347 2731 477 2794 Macerio
509 2715 780 2795 Alexandrinam
820 2741 951 2796 mentem
983 2733 1090 2794 venire
1122 2727 1263 2811 potuerit,

162 2841 250 2904 adire
269 2841 395 2904 Romam
417 2839 596 2920 οἰκονομίας
624 2845 738 2925 gratia,
773 2853 807 2910 ut
835 2845 866 2906 iu
899 2851 984 2908 textu
1006 2857 1119 2925 graeco
1140 2841 1261 2924 legitur.

161 2931 228 3018 Sed
254 2970 294 3014 ex
315 2950 498 3034 Hieronymo
521 2953 674 3033 discimus,
711 2973 748 3019 eo
783 2963 930 3036 tempore,
959 2969 1020 3035 quo
1048 2951 1263 3018 actaeonem

7 3275 10 3290 ,
103 3215 111 3220 “
174 3216 221 3285 ’1)
241 3215 305 3273 Gan.
327 3215 344 3270 9
365 3217 431 3274 Dist.
451 3217 489 3272 L:
522 3219 590 3285 ..Qui
617 3227 677 3286 post
705 3229 838 3287 acceptum
865 3235 964 3272 sacrum
991 3219 1107 3272 ordinem
1127 3215 1216 3282 lapsus
1237 3215 1262 3266 in

239 3314 373 3372 peccatum
393 3307 478 3360 carnis
499 3307 585 3372 inerit,
607 3323 682 3361 sacro
703 3309 794 3362 ordine
814 3311 850 3361 ita
871 3317 965 3373 careat,
993 3315 1020 3362 at
1045 3309 1078 3360 ad
1105 3304 1193 3359 altaris
1213 3305 1263 3354 mi-

241 3397 375 3450 nisterium
401 3395 510 3464 amplius
541 3413 593 3450 non
618 3400 754 3452 acoedat.“
795 3399 857 3450 'lum
876 3400 940 3456 ibid.
961 3415 1016 3454 can.
1040 3399 1089 3452 1οο
1121 3397 1186 3454 „sia
1207 3405 1263 3444 eum

241 3484 386 3536 fraternitas
406 3493 451 3537 tua
471 3486 547 3538 talem
563 3489 747 3554 poenitentiam
767 3499 847 3555 agere
867 3489 1029 3556 cognoverit,
1050 3495 1078 3538 ut
1097 3489 1122 3538 ei
1142 3487 1211 3536 iuste
1230 3481 1264 3536 ad

242 3575 416 3640 recipiendam
435 3577 502 3626 inter
522 3575 603 3627 laicos
624 3577 826 3628 communionem
847 3585 873 3628 et
900 3585 959 3628 ante
984 3579 1080 3628 exitum
1101 3574 1196 3636 debeat
1214 3574 1263 3623 mi-

242 3665 332 3727 sereri,
353 3661 403 3715 hoc
422 3665 450 3714 in
470 3672 530 3716 tuae
550 3665 718 3718 fraternitatis
738 3667 856 3732 ponimus
877 3673 1034 3732 potestate‘·
1060 3663 1101 3720 'Cf
1122 3655 1186 3717 ibid.
1206 3676 1262 3714 can.

239 3751 268 3804 8.
293 3755 337 3805 ii.
362 3755 405 3812 12.
1155 3763 1158 3766 '
1247 3759 1251 3768 ’

191 3841 220 3910 2)
243 3841 300 3898 Lib.
312 3841 412 3898 Posuit.
424 3841 688 3900 Theodericiantuar.
700 3845 797 3908 xvlll,
819 3846 845 3908 S.
869 3849 880 3897 i
900 3843 949 3896 Die
969 3841 1056 3896 latisin.
1077 3833 1264 3890 Paenitential-

241 3930 341 3982 bircber
361 3931 407 3982 der
417 3931 612 3999 Angelsachsen
632 3947 683 3982 von
695 3933 738 3984 Dr.
750 3933 791 3988 Fr.
804 3933 971 3984 llurrstmann.
994 3931 1077 3981 ldainz
1093 3921 1166 3979 1844
1178 3939 1203 3988 p.
1215 3923 1261 3976 56.

220 4019 313 4072 ,Reda
334 4019 367 4071 de
387 4020 506 4071 remediis
527 4028 691 4086 peccatorum
711 4020 777 4078 lbid.
798 4022 903 4088 p‚135‚
944 4015 1042 4072 Similia
1061 4017 1087 4066 in
1108 4013 1167 4066 aliis
1188 4011 1262 4064 libris

241 4108 472 4177 poenitentialibus
492 4109 622 4177 leguntur.

191 4199 220 4266 3)
241 4199 308 4256 lbid.
329 4217 355 4268 p.
381 4195 455 4255 146.·
496 4237 500 4244 -
530 4243 533 4248 .
684 4239 688 4248 r

190 4289 218 4353 l)
239 4290 304 4341 llist.
326 4291 402 4346 bans.
416 4287 464 4356 ed.
484 4289 578 4344 biems.
598 4301 656 4356 cap.
678 4287 714 4340 31
737 4284 805 4354 opp.
826 4284 923 4338 naara
943 4279 961 4332 l·
983 4278 1000 4335 l.
1021 4293 1047 4346 Ρ.
1067 4273 1134 4334 440.

1036 4385 1073 4438 7.
