<?xml version="1.0" encoding="UTF-8"?>
<!DOCTYPE html PUBLIC "-//W3C//DTD XHTML 1.0 Transitional//EN"
    "http://www.w3.org/TR/xhtml1/DTD/xhtml1-transitional.dtd">
<html xmlns="http://www.w3.org/1999/xhtml" xml:lang="en" lang="en">
 <head>
  <title>
</title>
<meta http-equiv="Content-Type" content="text/html;charset=utf-8" />
  <meta name='ocr-system' content='tesseract 3.04.00' />
  <meta name='ocr-capabilities' content='ocr_page ocr_carea ocr_par ocr_line ocrx_word'/>
</head>
<body>
  <div class='ocr_page' id='page_1' title='image "./macariiaegyptii00macagoog_0070.png"; bbox 0 0 2990 4986; ppageno 0'>
   <div class='ocr_carea' id='block_1_1' title="bbox 617 377 861 452">
    <p class='ocr_par' dir='ltr' id='par_1_1' title="bbox 617 377 861 452">
     <span class='ocr_line' id='line_1_1' title="bbox 617 377 861 452; baseline 0 -16"><span class='ocrx_word' id='word_1_1' title='bbox 617 377 861 452; x_wconf 61' lang='lat'>...55-</span> 
     </span>
    </p>
   </div>
   <div class='ocr_carea' id='block_1_2' title="bbox 140 577 1297 2546">
    <p class='ocr_par' dir='ltr' id='par_1_2' title="bbox 140 577 1297 2546">
     <span class='ocr_line' id='line_1_2' title="bbox 187 577 1296 663; baseline 0.005 -21"><span class='ocrx_word' id='word_1_2' title='bbox 187 581 262 644; x_wconf 88' lang='lat' dir='ltr'>alios</span> <span class='ocrx_word' id='word_1_3' title='bbox 272 577 313 663; x_wconf 83' lang='lat'>¹).</span> <span class='ocrx_word' id='word_1_4' title='bbox 335 578 426 662; x_wconf 83' lang='lat' dir='ltr'><strong>Apud</strong></span> <span class='ocrx_word' id='word_1_5' title='bbox 437 594 515 660; x_wconf 90' lang='lat' dir='ltr'>quos</span> <span class='ocrx_word' id='word_1_6' title='bbox 526 578 653 642; x_wconf 80' lang='lat' dir='ltr'><strong>umbrae</strong></span> <span class='ocrx_word' id='word_1_7' title='bbox 669 579 873 661; x_wconf 74' lang='lat' dir='ltr'>interrogatae</span> <span class='ocrx_word' id='word_1_8' title='bbox 885 591 935 644; x_wconf 90' lang='lat' dir='ltr'>aut</span> <span class='ocrx_word' id='word_1_9' title='bbox 949 581 1146 661; x_wconf 79' lang='lat' dir='ltr'>respondent,</span> <span class='ocrx_word' id='word_1_10' title='bbox 1170 590 1296 647; x_wconf 89' lang='lat' dir='ltr'>autres·</span> 
     </span>
     <span class='ocr_line' id='line_1_3' title="bbox 188 692 1297 779; baseline 0.006 -26"><span class='ocrx_word' id='word_1_11' title='bbox 188 692 323 772; x_wconf 88' lang='lat' dir='ltr'>pondera</span> <span class='ocrx_word' id='word_1_12' title='bbox 342 694 515 757; x_wconf 79' lang='lat' dir='ltr'>detrectant</span> <span class='ocrx_word' id='word_1_13' title='bbox 522 711 532 768; x_wconf 83' lang='lat'>3</span> <span class='ocrx_word' id='word_1_14' title='bbox 555 693 664 756; x_wconf 88' lang='lat' dir='ltr'>deinde</span> <span class='ocrx_word' id='word_1_15' title='bbox 675 693 712 756; x_wconf 90' lang='lat' dir='ltr'>ad</span> <span class='ocrx_word' id='word_1_16' title='bbox 724 693 839 756; x_wconf 83' lang='lat' dir='ltr'>inferos</span> <span class='ocrx_word' id='word_1_17' title='bbox 853 703 1047 759; x_wconf 89' lang='lat' dir='ltr'>revertuntur</span> <span class='ocrx_word' id='word_1_18' title='bbox 1056 693 1100 779; x_wconf 79' lang='lat'>²).</span> <span class='ocrx_word' id='word_1_19' title='bbox 1123 695 1235 775; x_wconf 85' lang='lat' dir='ltr'>hloses,</span> <span class='ocrx_word' id='word_1_20' title='bbox 1258 715 1297 760; x_wconf 89' lang='lat' dir='ltr'>ne</span> 
     </span>
     <span class='ocr_line' id='line_1_4' title="bbox 186 802 1296 894; baseline 0.007 -28"><span class='ocrx_word' id='word_1_21' title='bbox 186 802 292 866; x_wconf 89' lang='lat' dir='ltr'>ludaei</span> <span class='ocrx_word' id='word_1_22' title='bbox 306 823 425 886; x_wconf 85' lang='lat' dir='ltr'>magos,</span> <span class='ocrx_word' id='word_1_23' title='bbox 448 805 501 884; x_wconf 90' lang='lat' dir='ltr'>qui</span> <span class='ocrx_word' id='word_1_24' title='bbox 524 811 747 886; x_wconf 73' lang='lat' dir='ltr'>vaxpopaauia</span> <span class='ocrx_word' id='word_1_25' title='bbox 770 804 892 894; x_wconf 81' lang='lat' dir='ltr'>faciunt,</span> <span class='ocrx_word' id='word_1_26' title='bbox 915 807 1042 886; x_wconf 87' lang='lat' dir='ltr'>adirent,</span> <span class='ocrx_word' id='word_1_27' title='bbox 1063 807 1134 889; x_wconf 91' lang='lat' dir='ltr'>lege</span> <span class='ocrx_word' id='word_1_28' title='bbox 1147 804 1296 890; x_wconf 79' lang='lat' dir='ltr'>vetuit⁸].</span> 
     </span>
     <span class='ocr_line' id='line_1_5' title="bbox 187 894 1297 1002; baseline 0.005 -26"><span class='ocrx_word' id='word_1_29' title='bbox 187 915 430 997; x_wconf 75' lang='lat' dir='ltr'>Naupopraaraia</span> <span class='ocrx_word' id='word_1_30' title='bbox 445 915 654 996; x_wconf 86' lang='lat' dir='ltr'>superstitiosa</span> <span class='ocrx_word' id='word_1_31' title='bbox 666 933 744 994; x_wconf 87' lang='lat' dir='ltr'>esse,</span> <span class='ocrx_word' id='word_1_32' title='bbox 764 894 872 980; x_wconf 84' lang='lat' dir='ltr'>Cicero</span> <span class='ocrx_word' id='word_1_33' title='bbox 885 916 1068 1002; x_wconf 59' lang='grc'>0316111111).</span> <span class='ocrx_word' id='word_1_34' title='bbox 1091 919 1297 982; x_wconf 80' lang='lat' dir='ltr'><strong>Tertullianus</strong></span> 
     </span>
     <span class='ocr_line' id='line_1_6' title="bbox 186 1025 1293 1110; baseline -0.004 -18"><span class='ocrx_word' id='word_1_35' title='bbox 186 1025 254 1092; x_wconf 86' lang='lat' dir='ltr'>illas</span> <span class='ocrx_word' id='word_1_36' title='bbox 277 1029 408 1090; x_wconf 90' lang='lat' dir='ltr'>manium</span> <span class='ocrx_word' id='word_1_37' title='bbox 431 1026 630 1107; x_wconf 79' lang='lat' dir='ltr'>apparitiones</span> <span class='ocrx_word' id='word_1_38' title='bbox 653 1025 783 1089; x_wconf 86' lang='lat' dir='ltr'>fallacias</span> <span class='ocrx_word' id='word_1_39' title='bbox 799 1028 977 1090; x_wconf 89' lang='lat' dir='ltr'>daemonum</span> <span class='ocrx_word' id='word_1_40' title='bbox 1000 1028 1127 1108; x_wconf 88' lang='lat' dir='ltr'>appellat</span> <span class='ocrx_word' id='word_1_41' title='bbox 1143 1027 1183 1110; x_wconf 63' lang='grc' dir='ltr'>ὅ).</span> <span class='ocrx_word' id='word_1_42' title='bbox 1206 1026 1293 1103; x_wconf 82' lang='lat' dir='ltr'>Quod</span> 
     </span>
     <span class='ocr_line' id='line_1_7' title="bbox 187 1137 1295 1223; baseline 0.001 -24"><span class='ocrx_word' id='word_1_43' title='bbox 187 1137 270 1200; x_wconf 88' lang='lat' dir='ltr'>idem</span> <span class='ocrx_word' id='word_1_44' title='bbox 281 1137 347 1200; x_wconf 86' lang='lat' dir='ltr'>fere</span> <span class='ocrx_word' id='word_1_45' title='bbox 358 1145 517 1202; x_wconf 84' lang='lat' dir='ltr'>senserunt</span> <span class='ocrx_word' id='word_1_46' title='bbox 525 1137 771 1218; x_wconf 79' lang='lat' dir='ltr'>Chrysostomus,</span> <span class='ocrx_word' id='word_1_47' title='bbox 782 1137 985 1220; x_wconf 79' lang='lat' dir='ltr'>Augustinus,</span> <span class='ocrx_word' id='word_1_48' title='bbox 1000 1139 1049 1201; x_wconf 88' lang='lat' dir='ltr'>alii</span> <span class='ocrx_word' id='word_1_49' title='bbox 1059 1139 1104 1223; x_wconf 76' lang='lat'>⁶).</span> <span class='ocrx_word' id='word_1_50' title='bbox 1125 1137 1295 1201; x_wconf 88' lang='lat' dir='ltr'>Neeminus</span> 
     </span>
     <span class='ocr_line' id='line_1_8' title="bbox 189 1246 1296 1330; baseline -0.001 -20"><span class='ocrx_word' id='word_1_51' title='bbox 189 1257 313 1327; x_wconf 86' lang='lat' dir='ltr'>postero</span> <span class='ocrx_word' id='word_1_52' title='bbox 335 1265 456 1328; x_wconf 88' lang='lat' dir='ltr'>quoque</span> <span class='ocrx_word' id='word_1_53' title='bbox 477 1265 553 1310; x_wconf 90' lang='lat' dir='ltr'>aevo</span> <span class='ocrx_word' id='word_1_54' title='bbox 582 1246 731 1329; x_wconf 86' lang='lat' dir='ltr'>imagines</span> <span class='ocrx_word' id='word_1_55' title='bbox 759 1257 950 1310; x_wconf 91' lang='lat' dir='ltr'>mortuorum</span> <span class='ocrx_word' id='word_1_56' title='bbox 979 1267 997 1310; x_wconf 91' lang='lat' dir='ltr'>a</span> <span class='ocrx_word' id='word_1_57' title='bbox 1024 1249 1120 1330; x_wconf 87' lang='lat' dir='ltr'>magis</span> <span class='ocrx_word' id='word_1_58' title='bbox 1149 1249 1296 1310; x_wconf 82' lang='lat' dir='ltr'>excitatae</span> 
     </span>
     <span class='ocr_line' id='line_1_9' title="bbox 140 1357 1294 1448; baseline -0.001 -27"><span class='ocrx_word' id='word_1_59' title='bbox 140 1437 146 1448; x_wconf 92' lang='lat'>.</span> <span class='ocrx_word' id='word_1_60' title='bbox 188 1376 258 1421; x_wconf 87' lang='lat' dir='ltr'>osse</span> <span class='ocrx_word' id='word_1_61' title='bbox 278 1358 432 1438; x_wconf 88' lang='lat' dir='ltr'>leguntur.</span> <span class='ocrx_word' id='word_1_62' title='bbox 477 1358 537 1437; x_wconf 79' lang='lat' dir='ltr'>Sia,</span> <span class='ocrx_word' id='word_1_63' title='bbox 559 1365 593 1420; x_wconf 90' lang='lat' dir='ltr'>ut</span> <span class='ocrx_word' id='word_1_64' title='bbox 613 1359 689 1419; x_wconf 91' lang='lat' dir='ltr'>haeo</span> <span class='ocrx_word' id='word_1_65' title='bbox 711 1365 827 1421; x_wconf 88' lang='lat' dir='ltr'>tanturn</span> <span class='ocrx_word' id='word_1_66' title='bbox 856 1359 992 1439; x_wconf 87' lang='lat' dir='ltr'>exempla</span> <span class='ocrx_word' id='word_1_67' title='bbox 1013 1359 1149 1438; x_wconf 85' lang='lat' dir='ltr'>prodam,</span> <span class='ocrx_word' id='word_1_68' title='bbox 1183 1357 1294 1420; x_wconf 90' lang='lat' dir='ltr'>Basilio</span> 
     </span>
     <span class='ocr_line' id='line_1_10' title="bbox 186 1465 1294 1551; baseline 0.003 -25"><span class='ocrx_word' id='word_1_69' title='bbox 186 1465 361 1546; x_wconf 87' lang='lat' dir='ltr'>imperatori</span> <span class='ocrx_word' id='word_1_70' title='bbox 388 1467 443 1530; x_wconf 86' lang='lat' dir='ltr'>lilii</span> <span class='ocrx_word' id='word_1_71' title='bbox 470 1468 577 1530; x_wconf 92' lang='lat' dir='ltr'>umbra</span> <span class='ocrx_word' id='word_1_72' title='bbox 606 1486 624 1530; x_wconf 94' lang='lat' dir='ltr'>a</span> <span class='ocrx_word' id='word_1_73' title='bbox 647 1466 852 1532; x_wconf 90' lang='lat' dir='ltr'>Sautahareno</span> <span class='ocrx_word' id='word_1_74' title='bbox 883 1467 1029 1530; x_wconf 92' lang='lat' dir='ltr'>monacho</span> <span class='ocrx_word' id='word_1_75' title='bbox 1063 1466 1233 1530; x_wconf 89' lang='lat' dir='ltr'>ostenditur</span> <span class='ocrx_word' id='word_1_76' title='bbox 1245 1465 1294 1551; x_wconf 81' lang='grc'>7);</span> 
     </span>
     <span class='ocr_line' id='line_1_11' title="bbox 186 1576 1293 1660; baseline 0.005 -22"><span class='ocrx_word' id='word_1_77' title='bbox 186 1579 326 1641; x_wconf 89' lang='lat' dir='ltr'>aFausto</span> <span class='ocrx_word' id='word_1_78' title='bbox 338 1577 454 1640; x_wconf 88' lang='lat' dir='ltr'>Helena</span> <span class='ocrx_word' id='word_1_79' title='bbox 475 1577 695 1642; x_wconf 86' lang='lat' dir='ltr'>formosissima</span> <span class='ocrx_word' id='word_1_80' title='bbox 716 1577 826 1641; x_wconf 84' lang='lat' dir='ltr'>femina</span> <span class='ocrx_word' id='word_1_81' title='bbox 849 1577 1036 1641; x_wconf 88' lang='lat' dir='ltr'>scholaribus</span> <span class='ocrx_word' id='word_1_82' title='bbox 1053 1576 1293 1660; x_wconf 80' lang='lat' dir='ltr'>monstratur⁸].</span> 
     </span>
     <span class='ocr_line' id='line_1_12' title="bbox 184 1688 1295 1773; baseline -0.003 -20"><span class='ocrx_word' id='word_1_83' title='bbox 184 1689 233 1753; x_wconf 82' lang='lat' dir='ltr'>Ab</span> <span class='ocrx_word' id='word_1_84' title='bbox 255 1691 302 1753; x_wconf 90' lang='lat' dir='ltr'>his</span> <span class='ocrx_word' id='word_1_85' title='bbox 324 1690 420 1772; x_wconf 88' lang='lat' dir='ltr'>igitur</span> <span class='ocrx_word' id='word_1_86' title='bbox 441 1707 601 1773; x_wconf 79' lang='lat' dir='ltr'>magorum</span> <span class='ocrx_word' id='word_1_87' title='bbox 623 1689 748 1753; x_wconf 87' lang='lat' dir='ltr'>iallaoiis</span> <span class='ocrx_word' id='word_1_88' title='bbox 771 1700 823 1755; x_wconf 90' lang='lat' dir='ltr'>aut</span> <span class='ocrx_word' id='word_1_89' title='bbox 850 1689 988 1753; x_wconf 87' lang='lat' dir='ltr'>ludibriis</span> <span class='ocrx_word' id='word_1_90' title='bbox 1016 1688 1159 1750; x_wconf 85' lang='lat' dir='ltr'>miracula</span> <span class='ocrx_word' id='word_1_91' title='bbox 1188 1706 1295 1751; x_wconf 90' lang='lat' dir='ltr'>senum</span> 
     </span>
     <span class='ocr_line' id='line_1_13' title="bbox 184 1800 1294 1884; baseline -0.004 -20"><span class='ocrx_word' id='word_1_92' title='bbox 184 1801 273 1882; x_wconf 88' lang='lat' dir='ltr'>plane</span> <span class='ocrx_word' id='word_1_93' title='bbox 300 1800 452 1864; x_wconf 80' lang='lat' dir='ltr'>differunt.</span> <span class='ocrx_word' id='word_1_94' title='bbox 503 1802 561 1876; x_wconf 80' lang='lat' dir='ltr'>Oui</span> <span class='ocrx_word' id='word_1_95' title='bbox 593 1819 655 1866; x_wconf 93' lang='lat' dir='ltr'>non</span> <span class='ocrx_word' id='word_1_96' title='bbox 684 1820 843 1884; x_wconf 92' lang='lat' dir='ltr'>magorum</span> <span class='ocrx_word' id='word_1_97' title='bbox 878 1802 974 1864; x_wconf 91' lang='lat' dir='ltr'>instar</span> <span class='ocrx_word' id='word_1_98' title='bbox 1003 1801 1150 1882; x_wconf 86' lang='lat' dir='ltr'>imagines</span> <span class='ocrx_word' id='word_1_99' title='bbox 1178 1805 1294 1862; x_wconf 87' lang='lat' dir='ltr'>tanturn</span> 
     </span>
     <span class='ocr_line' id='line_1_14' title="bbox 186 1911 1293 1992; baseline -0.003 -17"><span class='ocrx_word' id='word_1_100' title='bbox 186 1913 328 1991; x_wconf 84' lang='lat' dir='ltr'>alienant,</span> <span class='ocrx_word' id='word_1_101' title='bbox 352 1911 406 1974; x_wconf 90' lang='lat' dir='ltr'>sed</span> <span class='ocrx_word' id='word_1_102' title='bbox 428 1911 540 1975; x_wconf 83' lang='lat' dir='ltr'>Christi</span> <span class='ocrx_word' id='word_1_103' title='bbox 562 1931 632 1992; x_wconf 83' lang='lat' dir='ltr'>ope,</span> <span class='ocrx_word' id='word_1_104' title='bbox 653 1922 687 1976; x_wconf 92' lang='lat' dir='ltr'>ut</span> <span class='ocrx_word' id='word_1_105' title='bbox 709 1915 805 1976; x_wconf 91' lang='lat' dir='ltr'>anima</span> <span class='ocrx_word' id='word_1_106' title='bbox 827 1914 859 1974; x_wconf 96' lang='lat' dir='ltr'>in</span> <span class='ocrx_word' id='word_1_107' title='bbox 881 1929 992 1992; x_wconf 90' lang='lat' dir='ltr'>eorpus</span> <span class='ocrx_word' id='word_1_108' title='bbox 1014 1911 1130 1988; x_wconf 88' lang='lat' dir='ltr'>redeat,</span> <span class='ocrx_word' id='word_1_109' title='bbox 1152 1918 1293 1990; x_wconf 90' lang='lat' dir='ltr'>totusque</span> 
     </span>
     <span class='ocr_line' id='line_1_15' title="bbox 186 2018 1294 2102; baseline -0.002 -18"><span class='ocrx_word' id='word_1_110' title='bbox 186 2022 277 2084; x_wconf 93' lang='lat' dir='ltr'>homo</span> <span class='ocrx_word' id='word_1_111' title='bbox 305 2022 478 2100; x_wconf 82' lang='lat' dir='ltr'>reviviscat,</span> <span class='ocrx_word' id='word_1_112' title='bbox 508 2021 650 2084; x_wconf 85' lang='lat' dir='ltr'>ellioiunt.</span> <span class='ocrx_word' id='word_1_113' title='bbox 697 2022 876 2086; x_wconf 79' lang='lat' dir='ltr'>submersos</span> <span class='ocrx_word' id='word_1_114' title='bbox 910 2021 1041 2102; x_wconf 86' lang='lat' dir='ltr'>quidem,</span> <span class='ocrx_word' id='word_1_115' title='bbox 1071 2018 1234 2082; x_wconf 84' lang='lat' dir='ltr'>suffocatos</span> <span class='ocrx_word' id='word_1_116' title='bbox 1262 2025 1294 2082; x_wconf 86' lang='lat' dir='ltr'>el</span> 
     </span>
     <span class='ocr_line' id='line_1_16' title="bbox 187 2129 1293 2212; baseline -0.002 -16"><span class='ocrx_word' id='word_1_117' title='bbox 187 2133 255 2196; x_wconf 90' lang='lat' dir='ltr'>sine</span> <span class='ocrx_word' id='word_1_118' title='bbox 282 2133 429 2212; x_wconf 89' lang='lat' dir='ltr'>baptismo</span> <span class='ocrx_word' id='word_1_119' title='bbox 452 2143 589 2196; x_wconf 89' lang='lat' dir='ltr'>mortuos</span> <span class='ocrx_word' id='word_1_120' title='bbox 619 2149 725 2195; x_wconf 89' lang='lat' dir='ltr'>senum</span> <span class='ocrx_word' id='word_1_121' title='bbox 756 2150 815 2212; x_wconf 89' lang='lat' dir='ltr'>ope</span> <span class='ocrx_word' id='word_1_122' title='bbox 847 2131 897 2194; x_wconf 88' lang='lat' dir='ltr'>vel</span> <span class='ocrx_word' id='word_1_123' title='bbox 928 2129 1066 2194; x_wconf 91' lang='lat' dir='ltr'>oratione</span> <span class='ocrx_word' id='word_1_124' title='bbox 1095 2129 1293 2194; x_wconf 80' lang='lat' dir='ltr'>resuscitatos</span> 
     </span>
     <span class='ocr_line' id='line_1_17' title="bbox 184 2239 1293 2325; baseline -0.005 -17"><span class='ocrx_word' id='word_1_125' title='bbox 184 2261 265 2321; x_wconf 86' lang='lat' dir='ltr'>esse,</span> <span class='ocrx_word' id='word_1_126' title='bbox 298 2242 414 2305; x_wconf 84' lang='lat' dir='ltr'>centies</span> <span class='ocrx_word' id='word_1_127' title='bbox 440 2240 556 2324; x_wconf 88' lang='lat' dir='ltr'>legitur</span> <span class='ocrx_word' id='word_1_128' title='bbox 570 2240 614 2325; x_wconf 64' lang='grc' dir='ltr'>Β).</span> <span class='ocrx_word' id='word_1_129' title='bbox 664 2243 689 2306; x_wconf 87' lang='grc' dir='ltr'>Ε</span> <span class='ocrx_word' id='word_1_130' title='bbox 718 2243 827 2324; x_wconf 88' lang='lat' dir='ltr'>quihus</span> <span class='ocrx_word' id='word_1_131' title='bbox 852 2243 884 2322; x_wconf 86' lang='lat' dir='ltr'>ii,</span> <span class='ocrx_word' id='word_1_132' title='bbox 915 2242 965 2322; x_wconf 88' lang='lat' dir='ltr'>qui</span> <span class='ocrx_word' id='word_1_133' title='bbox 994 2239 1228 2318; x_wconf 81' lang='lat' dir='ltr'>resuscitantur,</span> <span class='ocrx_word' id='word_1_134' title='bbox 1259 2248 1293 2303; x_wconf 86' lang='lat' dir='ltr'>ut</span> 
     </span>
     <span class='ocr_line' id='line_1_18' title="bbox 182 2351 1292 2434; baseline -0.005 -16"><span class='ocrx_word' id='word_1_135' title='bbox 182 2354 361 2434; x_wconf 87' lang='lat' dir='ltr'>baptismum</span> <span class='ocrx_word' id='word_1_136' title='bbox 383 2352 540 2432; x_wconf 86' lang='lat' dir='ltr'>accipiant,</span> <span class='ocrx_word' id='word_1_137' title='bbox 562 2353 613 2416; x_wconf 89' lang='lat' dir='ltr'>vel</span> <span class='ocrx_word' id='word_1_138' title='bbox 635 2354 715 2416; x_wconf 89' lang='lat' dir='ltr'>aliud</span> <span class='ocrx_word' id='word_1_139' title='bbox 737 2353 810 2432; x_wconf 90' lang='lat' dir='ltr'>ipsis</span> <span class='ocrx_word' id='word_1_140' title='bbox 829 2353 934 2416; x_wconf 89' lang='lat' dir='ltr'>aliisve</span> <span class='ocrx_word' id='word_1_141' title='bbox 955 2351 1029 2416; x_wconf 92' lang='lat' dir='ltr'>utile</span> <span class='ocrx_word' id='word_1_142' title='bbox 1047 2365 1123 2431; x_wconf 89' lang='lat' dir='ltr'>opus</span> <span class='ocrx_word' id='word_1_143' title='bbox 1135 2357 1292 2431; x_wconf 86' lang='lat' dir='ltr'>peragant,</span> 
     </span>
     <span class='ocr_line' id='line_1_19' title="bbox 182 2461 1294 2546; baseline -0.005 -18"><span class='ocrx_word' id='word_1_144' title='bbox 182 2465 304 2546; x_wconf 85' lang='lat' dir='ltr'>expleto</span> <span class='ocrx_word' id='word_1_145' title='bbox 330 2463 390 2526; x_wconf 89' lang='lat' dir='ltr'>hoe</span> <span class='ocrx_word' id='word_1_146' title='bbox 419 2481 546 2526; x_wconf 88' lang='lat' dir='ltr'>munere</span> <span class='ocrx_word' id='word_1_147' title='bbox 574 2463 675 2528; x_wconf 90' lang='lat' dir='ltr'>statim</span> <span class='ocrx_word' id='word_1_148' title='bbox 697 2463 797 2525; x_wconf 88' lang='lat' dir='ltr'>denuo</span> <span class='ocrx_word' id='word_1_149' title='bbox 827 2462 905 2526; x_wconf 91' lang='lat' dir='ltr'>mori</span> <span class='ocrx_word' id='word_1_150' title='bbox 934 2463 1049 2538; x_wconf 91' lang='lat' dir='ltr'>solent;</span> <span class='ocrx_word' id='word_1_151' title='bbox 1079 2461 1175 2525; x_wconf 85' lang='lat' dir='ltr'>ceteri</span> <span class='ocrx_word' id='word_1_152' title='bbox 1204 2475 1294 2538; x_wconf 87' lang='lat' dir='ltr'>saepe</span> 
     </span>
    </p>
   </div>
   <div class='ocr_carea' id='block_1_3' title="bbox 210 2720 1372 3593">
    <p class='ocr_par' dir='ltr' id='par_1_3' title="bbox 214 2720 1290 2878">
     <span class='ocr_line' id='line_1_20' title="bbox 214 2720 1290 2792; baseline -0.003 -16"><span class='ocrx_word' id='word_1_153' title='bbox 214 2726 241 2788; x_wconf 88' lang='lat'>1)</span> <span class='ocrx_word' id='word_1_154' title='bbox 263 2723 325 2782; x_wconf 86' lang='lat' dir='ltr'>lior.</span> <span class='ocrx_word' id='word_1_155' title='bbox 343 2731 391 2780; x_wconf 87' lang='lat' dir='ltr'>sat.</span> <span class='ocrx_word' id='word_1_156' title='bbox 406 2728 429 2788; x_wconf 93' lang='lat' dir='ltr'>l,</span> <span class='ocrx_word' id='word_1_157' title='bbox 452 2725 481 2788; x_wconf 88' lang='lat'>8,</span> <span class='ocrx_word' id='word_1_158' title='bbox 503 2720 550 2780; x_wconf 80' lang='grc'>41.</span> <span class='ocrx_word' id='word_1_159' title='bbox 590 2723 667 2774; x_wconf 87' lang='lat' dir='ltr'>Plura</span> <span class='ocrx_word' id='word_1_160' title='bbox 686 2722 804 2788; x_wconf 83' lang='lat' dir='ltr'>exempla</span> <span class='ocrx_word' id='word_1_161' title='bbox 830 2721 909 2774; x_wconf 87' lang='lat' dir='ltr'>habet</span> <span class='ocrx_word' id='word_1_162' title='bbox 930 2722 1020 2774; x_wconf 85' lang='lat' dir='ltr'>Delrio</span> <span class='ocrx_word' id='word_1_163' title='bbox 1041 2722 1179 2792; x_wconf 85' lang='lat' dir='ltr'>Disquisit.</span> <span class='ocrx_word' id='word_1_164' title='bbox 1199 2722 1290 2789; x_wconf 86' lang='lat' dir='ltr'>magio.</span> 
     </span>
     <span class='ocr_line' id='line_1_21' title="bbox 262 2814 418 2878; baseline 0.032 -12"><span class='ocrx_word' id='word_1_165' title='bbox 262 2814 297 2878; x_wconf 91' lang='lat' dir='ltr'>ll,</span> <span class='ocrx_word' id='word_1_166' title='bbox 319 2814 349 2878; x_wconf 84' lang='lat' dir='ltr'>Q.</span> <span class='ocrx_word' id='word_1_167' title='bbox 372 2814 418 2871; x_wconf 82' lang='grc'>26.</span> 
     </span>
    </p>

    <p class='ocr_par' dir='ltr' id='par_1_4' title="bbox 210 2897 1372 3236">
     <span class='ocr_line' id='line_1_22' title="bbox 210 2897 1292 2973; baseline -0.008 -15"><span class='ocrx_word' id='word_1_168' title='bbox 210 2903 239 2973; x_wconf 98' lang='grc'>2)</span> <span class='ocrx_word' id='word_1_169' title='bbox 260 2902 419 2968; x_wconf 84' lang='lat' dir='ltr'>Apollonius</span> <span class='ocrx_word' id='word_1_170' title='bbox 454 2901 538 2967; x_wconf 86' lang='lat' dir='ltr'>(apud</span> <span class='ocrx_word' id='word_1_171' title='bbox 567 2899 752 2952; x_wconf 88' lang='lat' dir='ltr'>Philostratum</span> <span class='ocrx_word' id='word_1_172' title='bbox 781 2899 800 2956; x_wconf 90' lang='grc'>1.</span> <span class='ocrx_word' id='word_1_173' title='bbox 827 2899 856 2967; x_wconf 89' lang='lat' dir='ltr'>l.)</span> <span class='ocrx_word' id='word_1_174' title='bbox 887 2901 919 2952; x_wconf 85' lang='lat' dir='ltr'>de</span> <span class='ocrx_word' id='word_1_175' title='bbox 946 2899 1035 2952; x_wconf 87' lang='lat' dir='ltr'>umbra</span> <span class='ocrx_word' id='word_1_176' title='bbox 1064 2897 1186 2962; x_wconf 80' lang='lat' dir='ltr'>Achillis,</span> <span class='ocrx_word' id='word_1_177' title='bbox 1217 2913 1292 2966; x_wconf 85' lang='lat' dir='ltr'>quam</span> 
     </span>
     <span class='ocr_line' id='line_1_23' title="bbox 260 2987 1292 3060; baseline -0.004 -18"><span class='ocrx_word' id='word_1_178' title='bbox 260 2999 397 3042; x_wconf 84' lang='lat' dir='ltr'>evocarat:</span> <span class='ocrx_word' id='word_1_179' title='bbox 419 2993 537 3054; x_wconf 64' lang='lat' dir='ltr'>„Tacitum</span> <span class='ocrx_word' id='word_1_180' title='bbox 556 2991 649 3059; x_wconf 82' lang='lat' dir='ltr'>iuquit,</span> <span class='ocrx_word' id='word_1_181' title='bbox 669 2993 758 3044; x_wconf 76' lang='grc' dir='ltr'><em>εἰπών</em></span> <span class='ocrx_word' id='word_1_182' title='bbox 857 2988 964 3056; x_wconf 69' lang='grc' dir='ltr'><em>ἀπῆλθε</em></span> <span class='ocrx_word' id='word_1_183' title='bbox 978 2991 1026 3052; x_wconf 71' lang='grc' dir='ltr'>ξύν</span> <span class='ocrx_word' id='word_1_184' title='bbox 1044 2987 1168 3058; x_wconf 72' lang='grc' dir='ltr'><em>ἀστραπῇ</em></span> <span class='ocrx_word' id='word_1_185' title='bbox 1185 2991 1292 3060; x_wconf 68' lang='grc' dir='ltr'><em>μετρίᾳ,</em></span> 
     </span>
     <span class='ocr_line' id='line_1_24' title="bbox 259 3063 1372 3152; baseline -0.006 -20"><span class='ocrx_word' id='word_1_186' title='bbox 259 3084 304 3132; x_wconf 79' lang='grc' dir='ltr'>καὶ</span> <span class='ocrx_word' id='word_1_187' title='bbox 333 3083 386 3152; x_wconf 70' lang='grc' dir='ltr'>γὰρ</span> <span class='ocrx_word' id='word_1_188' title='bbox 414 3079 447 3146; x_wconf 66' lang='grc' dir='ltr'>δὴ</span> <span class='ocrx_word' id='word_1_189' title='bbox 477 3079 653 3150; x_wconf 72' lang='grc' dir='ltr'>ἀλεκτρυόνες</span> <span class='ocrx_word' id='word_1_190' title='bbox 677 3077 728 3144; x_wconf 76' lang='grc' dir='ltr'>ἤδη</span> <span class='ocrx_word' id='word_1_191' title='bbox 755 3076 830 3150; x_wconf 71' lang='lat' dir='ltr'>priris</span> <span class='ocrx_word' id='word_1_192' title='bbox 856 3076 980 3144; x_wconf 71' lang='grc' dir='ltr'>ἥπτοντο.</span> <span class='ocrx_word' id='word_1_193' title='bbox 1021 3077 1070 3134; x_wconf 80' lang='lat' dir='ltr'>st.</span> <span class='ocrx_word' id='word_1_194' title='bbox 1097 3075 1194 3129; x_wconf 82' lang='lat' dir='ltr'>Olearii</span> <span class='ocrx_word' id='word_1_195' title='bbox 1221 3075 1292 3142; x_wconf 88' lang='lat' dir='ltr'>hips.</span> <span class='ocrx_word' id='word_1_196' title='bbox 1365 3063 1372 3074; x_wconf 71' lang='grc'><strong>’</strong></span> 
     </span>
     <span class='ocr_line' id='line_1_25' title="bbox 263 3165 548 3236; baseline 0.004 -12"><span class='ocrx_word' id='word_1_197' title='bbox 263 3169 346 3226; x_wconf 77' lang='grc'>1119.</span> <span class='ocrx_word' id='word_1_198' title='bbox 367 3169 413 3226; x_wconf 87' lang='lat' dir='ltr'>iol.</span> <span class='ocrx_word' id='word_1_199' title='bbox 434 3185 460 3236; x_wconf 91' lang='lat' dir='ltr'>p.</span> <span class='ocrx_word' id='word_1_200' title='bbox 483 3165 548 3225; x_wconf 83' lang='lat'>154.</span> 
     </span>
    </p>

    <p class='ocr_par' dir='ltr' id='par_1_5' title="bbox 210 3247 877 3328">
     <span class='ocr_line' id='line_1_26' title="bbox 210 3247 877 3328; baseline -0.004 -15"><span class='ocrx_word' id='word_1_201' title='bbox 210 3257 240 3328; x_wconf 84' lang='lat'>3)</span> <span class='ocrx_word' id='word_1_202' title='bbox 261 3260 284 3310; x_wconf 92' lang='lat' dir='ltr'>V</span> <span class='ocrx_word' id='word_1_203' title='bbox 304 3260 369 3316; x_wconf 84' lang='lat' dir='ltr'>llos.</span> <span class='ocrx_word' id='word_1_204' title='bbox 389 3247 485 3322; x_wconf 83' lang='lat' dir='ltr'>xviii,</span> <span class='ocrx_word' id='word_1_205' title='bbox 510 3261 553 3314; x_wconf 90' lang='grc'>11.</span> <span class='ocrx_word' id='word_1_206' title='bbox 593 3255 632 3310; x_wconf 97' lang='lat' dir='ltr'>lll</span> <span class='ocrx_word' id='word_1_207' title='bbox 654 3257 718 3313; x_wconf 90' lang='lat' dir='ltr'>llos.</span> <span class='ocrx_word' id='word_1_208' title='bbox 737 3258 808 3322; x_wconf 82' lang='lat' dir='ltr'>xlx,</span> <span class='ocrx_word' id='word_1_209' title='bbox 829 3258 877 3312; x_wconf 80' lang='lat'>31.</span> 
     </span>
    </p>

    <p class='ocr_par' dir='ltr' id='par_1_6' title="bbox 210 3345 542 3416">
     <span class='ocr_line' id='line_1_27' title="bbox 210 3345 542 3416; baseline 0.009 -16"><span class='ocrx_word' id='word_1_210' title='bbox 210 3345 241 3414; x_wconf 83' lang='lat'>4)</span> <span class='ocrx_word' id='word_1_211' title='bbox 263 3347 338 3406; x_wconf 84' lang='lat' dir='ltr'>Tusa.</span> <span class='ocrx_word' id='word_1_212' title='bbox 359 3349 426 3416; x_wconf 88' lang='lat' dir='ltr'>disp.</span> <span class='ocrx_word' id='word_1_213' title='bbox 446 3352 469 3413; x_wconf 92' lang='lat' dir='ltr'>l,</span> <span class='ocrx_word' id='word_1_214' title='bbox 499 3348 542 3404; x_wconf 83' lang='lat'>16.</span> 
     </span>
    </p>

    <p class='ocr_par' dir='ltr' id='par_1_7' title="bbox 210 3427 1289 3593">
     <span class='ocr_line' id='line_1_28' title="bbox 210 3427 1289 3504; baseline -0.007 -13"><span class='ocrx_word' id='word_1_215' title='bbox 210 3439 241 3504; x_wconf 88' lang='lat'>5)</span> <span class='ocrx_word' id='word_1_216' title='bbox 263 3437 319 3494; x_wconf 78' lang='lat' dir='ltr'>lib.</span> <span class='ocrx_word' id='word_1_217' title='bbox 340 3438 373 3490; x_wconf 87' lang='lat' dir='ltr'>de</span> <span class='ocrx_word' id='word_1_218' title='bbox 393 3439 477 3489; x_wconf 90' lang='lat' dir='ltr'>anima</span> <span class='ocrx_word' id='word_1_219' title='bbox 497 3452 553 3504; x_wconf 88' lang='lat' dir='ltr'>cap.</span> <span class='ocrx_word' id='word_1_220' title='bbox 571 3437 606 3490; x_wconf 83' lang='lat'>57</span> <span class='ocrx_word' id='word_1_221' title='bbox 630 3433 698 3502; x_wconf 90' lang='lat' dir='ltr'>Opp.</span> <span class='ocrx_word' id='word_1_222' title='bbox 721 3434 828 3492; x_wconf 85' lang='lat' dir='ltr'>Tertull.</span> <span class='ocrx_word' id='word_1_223' title='bbox 848 3449 903 3490; x_wconf 87' lang='lat' dir='ltr'>our.</span> <span class='ocrx_word' id='word_1_224' title='bbox 923 3431 1011 3502; x_wconf 81' lang='lat' dir='ltr'>hligae</span> <span class='ocrx_word' id='word_1_225' title='bbox 1032 3431 1059 3484; x_wconf 82' lang='lat' dir='ltr'>t.</span> <span class='ocrx_word' id='word_1_226' title='bbox 1073 3430 1099 3486; x_wconf 90' lang='lat' dir='ltr'>lt</span> <span class='ocrx_word' id='word_1_227' title='bbox 1119 3447 1145 3500; x_wconf 86' lang='lat' dir='ltr'>p.</span> <span class='ocrx_word' id='word_1_228' title='bbox 1162 3427 1215 3487; x_wconf 81' lang='lat'>747</span> <span class='ocrx_word' id='word_1_229' title='bbox 1231 3447 1289 3500; x_wconf 86' lang='lat' dir='ltr'>sqq.</span> 
     </span>
     <span class='ocr_line' id='line_1_29' title="bbox 262 3521 1289 3593; baseline -0.007 -13"><span class='ocrx_word' id='word_1_230' title='bbox 262 3527 332 3580; x_wconf 88' lang='lat' dir='ltr'>Sauli</span> <span class='ocrx_word' id='word_1_231' title='bbox 354 3527 497 3580; x_wconf 88' lang='lat' dir='ltr'>Samuelem</span> <span class='ocrx_word' id='word_1_232' title='bbox 525 3541 589 3578; x_wconf 84' lang='lat' dir='ltr'>rere</span> <span class='ocrx_word' id='word_1_233' title='bbox 608 3526 762 3593; x_wconf 84' lang='lat' dir='ltr'>apparuisse</span> <span class='ocrx_word' id='word_1_234' title='bbox 789 3526 878 3580; x_wconf 83' lang='lat' dir='ltr'>docuit</span> <span class='ocrx_word' id='word_1_235' title='bbox 905 3522 1000 3579; x_wconf 82' lang='lat' dir='ltr'>lustin.</span> <span class='ocrx_word' id='word_1_236' title='bbox 1020 3522 1102 3588; x_wconf 82' lang='lat' dir='ltr'>Resp.</span> <span class='ocrx_word' id='word_1_237' title='bbox 1129 3521 1163 3574; x_wconf 80' lang='lat' dir='ltr'>ad</span> <span class='ocrx_word' id='word_1_238' title='bbox 1184 3523 1289 3586; x_wconf 82' lang='lat' dir='ltr'>Quaest.</span> 
     </span>
    </p>
   </div>
   <div class='ocr_carea' id='block_1_4' title="bbox 210 3613 1290 3950">
    <p class='ocr_par' dir='ltr' id='par_1_8' title="bbox 263 3613 777 3680">
     <span class='ocr_line' id='line_1_30' title="bbox 263 3613 777 3680; baseline 0 -10"><span class='ocrx_word' id='word_1_239' title='bbox 263 3617 300 3670; x_wconf 87' lang='grc'>52</span> <span class='ocrx_word' id='word_1_240' title='bbox 321 3616 437 3680; x_wconf 84' lang='lat' dir='ltr'>Quaestt.</span> <span class='ocrx_word' id='word_1_241' title='bbox 458 3613 597 3674; x_wconf 83' lang='lat' dir='ltr'>Christian.</span> <span class='ocrx_word' id='word_1_242' title='bbox 775 3665 777 3670; x_wconf 92' lang='lat'>.</span> 
     </span>
    </p>

    <p class='ocr_par' dir='ltr' id='par_1_9' title="bbox 210 3699 1290 3950">
     <span class='ocr_line' id='line_1_31' title="bbox 210 3699 1290 3775; baseline -0.006 -15"><span class='ocrx_word' id='word_1_243' title='bbox 210 3704 240 3775; x_wconf 87' lang='grc'>6)</span> <span class='ocrx_word' id='word_1_244' title='bbox 261 3703 397 3771; x_wconf 74' lang='lat' dir='ltr'>chrysost.</span> <span class='ocrx_word' id='word_1_245' title='bbox 419 3703 508 3761; x_wconf 89' lang='lat' dir='ltr'>homil.</span> <span class='ocrx_word' id='word_1_246' title='bbox 529 3705 565 3760; x_wconf 89' lang='grc'>29</span> <span class='ocrx_word' id='word_1_247' title='bbox 586 3705 613 3755; x_wconf 94' lang='lat' dir='ltr'>in</span> <span class='ocrx_word' id='word_1_248' title='bbox 634 3703 721 3759; x_wconf 84' lang='lat' dir='ltr'>hlatth.</span> <span class='ocrx_word' id='word_1_249' title='bbox 740 3703 781 3760; x_wconf 87' lang='lat' dir='ltr'>ed.</span> <span class='ocrx_word' id='word_1_250' title='bbox 802 3701 977 3758; x_wconf 80' lang='lat' dir='ltr'>illontiaucon.</span> <span class='ocrx_word' id='word_1_251' title='bbox 999 3699 1028 3752; x_wconf 89' lang='grc' dir='ltr'>Τ.</span> <span class='ocrx_word' id='word_1_252' title='bbox 1042 3700 1090 3754; x_wconf 90' lang='lat' dir='ltr'>Vll</span> <span class='ocrx_word' id='word_1_253' title='bbox 1111 3716 1136 3767; x_wconf 93' lang='lat' dir='ltr'>p.</span> <span class='ocrx_word' id='word_1_254' title='bbox 1157 3699 1213 3752; x_wconf 86' lang='grc'>365</span> <span class='ocrx_word' id='word_1_255' title='bbox 1234 3715 1290 3765; x_wconf 87' lang='lat' dir='ltr'>sqq.</span> 
     </span>
     <span class='ocr_line' id='line_1_32' title="bbox 259 3785 1290 3862; baseline -0.01 -16"><span class='ocrx_word' id='word_1_256' title='bbox 259 3795 327 3862; x_wconf 83' lang='lat' dir='ltr'>Aug.</span> <span class='ocrx_word' id='word_1_257' title='bbox 348 3793 381 3846; x_wconf 90' lang='lat' dir='ltr'>de</span> <span class='ocrx_word' id='word_1_258' title='bbox 402 3792 480 3851; x_wconf 82' lang='lat' dir='ltr'>civit.</span> <span class='ocrx_word' id='word_1_259' title='bbox 501 3795 549 3846; x_wconf 87' lang='lat' dir='ltr'>Dei</span> <span class='ocrx_word' id='word_1_260' title='bbox 570 3793 616 3846; x_wconf 91' lang='lat' dir='ltr'>lib.</span> <span class='ocrx_word' id='word_1_261' title='bbox 635 3797 668 3856; x_wconf 78' lang='lat' dir='ltr'>X,</span> <span class='ocrx_word' id='word_1_262' title='bbox 689 3792 708 3844; x_wconf 91' lang='grc'>9</span> <span class='ocrx_word' id='word_1_263' title='bbox 725 3807 783 3860; x_wconf 89' lang='lat' dir='ltr'>sqq.</span> <span class='ocrx_word' id='word_1_264' title='bbox 805 3799 831 3842; x_wconf 87' lang='lat' dir='ltr'>et</span> <span class='ocrx_word' id='word_1_265' title='bbox 851 3791 956 3858; x_wconf 87' lang='lat' dir='ltr'>passim.</span> <span class='ocrx_word' id='word_1_266' title='bbox 997 3787 1037 3840; x_wconf 82' lang='lat' dir='ltr'>Cf.</span> <span class='ocrx_word' id='word_1_267' title='bbox 1059 3788 1154 3842; x_wconf 86' lang='lat' dir='ltr'>lustin.</span> <span class='ocrx_word' id='word_1_268' title='bbox 1174 3786 1251 3854; x_wconf 81' lang='lat' dir='ltr'>Apol.</span> <span class='ocrx_word' id='word_1_269' title='bbox 1264 3785 1290 3836; x_wconf 96' lang='lat' dir='ltr'>ll</span> 
     </span>
     <span class='ocr_line' id='line_1_33' title="bbox 261 3873 1289 3950; baseline -0.007 -15"><span class='ocrx_word' id='word_1_270' title='bbox 261 3884 303 3941; x_wconf 87' lang='lat' dir='ltr'>ed.</span> <span class='ocrx_word' id='word_1_271' title='bbox 323 3883 405 3938; x_wconf 87' lang='lat' dir='ltr'>Paris.</span> <span class='ocrx_word' id='word_1_272' title='bbox 429 3883 502 3938; x_wconf 79' lang='lat'>1638</span> <span class='ocrx_word' id='word_1_273' title='bbox 528 3897 554 3950; x_wconf 93' lang='lat' dir='ltr'>p.</span> <span class='ocrx_word' id='word_1_274' title='bbox 578 3881 614 3934; x_wconf 87' lang='grc'>65</span> <span class='ocrx_word' id='word_1_275' title='bbox 637 3897 708 3950; x_wconf 90' lang='lat' dir='ltr'>sqq.;</span> <span class='ocrx_word' id='word_1_276' title='bbox 731 3878 802 3948; x_wconf 89' lang='lat' dir='ltr'>Orig.</span> <span class='ocrx_word' id='word_1_277' title='bbox 823 3888 912 3932; x_wconf 84' lang='lat' dir='ltr'>contro</span> <span class='ocrx_word' id='word_1_278' title='bbox 926 3877 1028 3931; x_wconf 79' lang='lat' dir='ltr'>Celsum</span> <span class='ocrx_word' id='word_1_279' title='bbox 1047 3877 1068 3944; x_wconf 89' lang='lat'>1,</span> <span class='ocrx_word' id='word_1_280' title='bbox 1081 3877 1117 3930; x_wconf 88' lang='grc'>58</span> <span class='ocrx_word' id='word_1_281' title='bbox 1139 3873 1289 3940; x_wconf 75' lang='lat' dir='ltr'>espessia.</span> 
     </span>
    </p>
   </div>
   <div class='ocr_carea' id='block_1_5' title="bbox 205 3981 766 4053">
    <p class='ocr_par' dir='ltr' id='par_1_10' title="bbox 205 3981 766 4053">
     <span class='ocr_line' id='line_1_34' title="bbox 205 3981 766 4053; baseline 0 -15"><span class='ocrx_word' id='word_1_282' title='bbox 205 3989 242 4052; x_wconf 76' lang='grc'>1)</span> <span class='ocrx_word' id='word_1_283' title='bbox 265 3983 338 4053; x_wconf 79' lang='lat' dir='ltr'>Glye.</span> <span class='ocrx_word' id='word_1_284' title='bbox 358 3985 404 4038; x_wconf 89' lang='lat' dir='ltr'>lih.</span> <span class='ocrx_word' id='word_1_285' title='bbox 427 3985 463 4036; x_wconf 85' lang='lat' dir='ltr'>lv</span> <span class='ocrx_word' id='word_1_286' title='bbox 484 3983 525 4040; x_wconf 84' lang='lat' dir='ltr'>etl.</span> <span class='ocrx_word' id='word_1_287' title='bbox 545 3983 629 4036; x_wconf 90' lang='lat' dir='ltr'>Boun.</span> <span class='ocrx_word' id='word_1_288' title='bbox 651 3997 677 4048; x_wconf 90' lang='lat' dir='ltr'>p.</span> <span class='ocrx_word' id='word_1_289' title='bbox 700 3981 766 4038; x_wconf 83' lang='lat'>550.</span> 
     </span>
    </p>
   </div>
   <div class='ocr_carea' id='block_1_6' title="bbox 208 4072 1288 4420">
    <p class='ocr_par' dir='ltr' id='par_1_11' title="bbox 208 4072 1288 4244">
     <span class='ocr_line' id='line_1_35' title="bbox 208 4072 1288 4153; baseline -0.013 -14"><span class='ocrx_word' id='word_1_290' title='bbox 208 4088 242 4153; x_wconf 87' lang='lat'>8)</span> <span class='ocrx_word' id='word_1_291' title='bbox 264 4087 296 4138; x_wconf 87' lang='lat' dir='ltr'>ll.</span> <span class='ocrx_word' id='word_1_292' title='bbox 319 4085 451 4138; x_wconf 83' lang='lat' dir='ltr'>Dtintzer:</span> <span class='ocrx_word' id='word_1_293' title='bbox 471 4086 503 4137; x_wconf 85' lang='lat' dir='ltr'>l).</span> <span class='ocrx_word' id='word_1_294' title='bbox 516 4085 584 4152; x_wconf 84' lang='lat' dir='ltr'>Saga</span> <span class='ocrx_word' id='word_1_295' title='bbox 604 4097 629 4134; x_wconf 90' lang='lat' dir='ltr'>v.</span> <span class='ocrx_word' id='word_1_296' title='bbox 644 4079 982 4136; x_wconf 73' lang='lat' dir='ltr'>Doctorlohannesliaust.</span> <span class='ocrx_word' id='word_1_297' title='bbox 1004 4095 1030 4145; x_wconf 90' lang='lat' dir='ltr'>p.</span> <span class='ocrx_word' id='word_1_298' title='bbox 1055 4077 1120 4133; x_wconf 88' lang='grc'>175.</span> <span class='ocrx_word' id='word_1_299' title='bbox 1160 4072 1201 4128; x_wconf 81' lang='lat' dir='ltr'>Gi.</span> <span class='ocrx_word' id='word_1_300' title='bbox 1224 4073 1288 4132; x_wconf 88' lang='lat' dir='ltr'>ibid.</span> 
     </span>
     <span class='ocr_line' id='line_1_36' title="bbox 262 4169 927 4244; baseline -0.009 -15"><span class='ocrx_word' id='word_1_301' title='bbox 262 4191 288 4244; x_wconf 90' lang='lat' dir='ltr'>p.</span> <span class='ocrx_word' id='word_1_302' title='bbox 314 4174 368 4229; x_wconf 88' lang='grc'>159</span> <span class='ocrx_word' id='word_1_303' title='bbox 388 4189 445 4242; x_wconf 85' lang='lat' dir='ltr'>sqq.</span> <span class='ocrx_word' id='word_1_304' title='bbox 484 4172 574 4226; x_wconf 87' lang='lat' dir='ltr'>Delrio</span> <span class='ocrx_word' id='word_1_305' title='bbox 595 4173 731 4241; x_wconf 78' lang='lat' dir='ltr'>Diuquisil.</span> <span class='ocrx_word' id='word_1_306' title='bbox 751 4172 845 4238; x_wconf 84' lang='lat' dir='ltr'>magia.</span> <span class='ocrx_word' id='word_1_307' title='bbox 867 4171 886 4220; x_wconf 92' lang='lat' dir='ltr'>l.</span> <span class='ocrx_word' id='word_1_308' title='bbox 910 4169 927 4225; x_wconf 89' lang='lat' dir='ltr'>l.</span> 
     </span>
    </p>

    <p class='ocr_par' dir='ltr' id='par_1_12' title="bbox 210 4253 1288 4420">
     <span class='ocr_line' id='line_1_37' title="bbox 210 4253 1288 4332; baseline -0.011 -12"><span class='ocrx_word' id='word_1_309' title='bbox 210 4266 240 4332; x_wconf 87' lang='grc'>9)</span> <span class='ocrx_word' id='word_1_310' title='bbox 261 4265 291 4318; x_wconf 91' lang='lat' dir='ltr'>ln</span> <span class='ocrx_word' id='word_1_311' title='bbox 312 4263 400 4316; x_wconf 79' lang='lat' dir='ltr'>indiae</span> <span class='ocrx_word' id='word_1_312' title='bbox 418 4261 515 4314; x_wconf 84' lang='lat' dir='ltr'>morali</span> <span class='ocrx_word' id='word_1_313' title='bbox 534 4261 651 4314; x_wconf 85' lang='lat' dir='ltr'>cuiusvis</span> <span class='ocrx_word' id='word_1_314' title='bbox 671 4261 728 4314; x_wconf 89' lang='lat' dir='ltr'>lere</span> <span class='ocrx_word' id='word_1_315' title='bbox 747 4260 810 4312; x_wconf 84' lang='lat' dir='ltr'>tomi</span> <span class='ocrx_word' id='word_1_316' title='bbox 830 4256 886 4314; x_wconf 81' lang='grc' dir='ltr'>ΑΛ.</span> <span class='ocrx_word' id='word_1_317' title='bbox 908 4255 953 4308; x_wconf 88' lang='lat' dir='ltr'>SS.</span> <span class='ocrx_word' id='word_1_318' title='bbox 976 4253 1044 4312; x_wconf 91' lang='lat' dir='ltr'>Boll.</span> <span class='ocrx_word' id='word_1_319' title='bbox 1071 4269 1093 4312; x_wconf 90' lang='lat' dir='ltr'>s.</span> <span class='ocrx_word' id='word_1_320' title='bbox 1121 4269 1147 4315; x_wconf 89' lang='lat' dir='ltr'>v.</span> <span class='ocrx_word' id='word_1_321' title='bbox 1171 4264 1288 4308; x_wconf 79' lang='lat' dir='ltr'>mortuus</span> 
     </span>
     <span class='ocr_line' id='line_1_38' title="bbox 264 4349 677 4420; baseline 0.005 -16"><span class='ocrx_word' id='word_1_322' title='bbox 264 4352 373 4420; x_wconf 88' lang='lat' dir='ltr'>plurima</span> <span class='ocrx_word' id='word_1_323' title='bbox 393 4349 510 4418; x_wconf 86' lang='lat' dir='ltr'>exempla</span> <span class='ocrx_word' id='word_1_324' title='bbox 530 4349 677 4406; x_wconf 85' lang='lat' dir='ltr'>laudantur.</span> 
     </span>
    </p>
   </div>
   <div class='ocr_carea' id='block_1_7' title="bbox 0 0 1500 4986">
    <p class='ocr_par' dir='ltr' id='par_1_13' title="bbox 0 0 1500 4986">
     <span class='ocr_line' id='line_1_39' title="bbox 0 0 1500 4986; baseline 0 3"><span class='ocrx_word' id='word_1_325' title='bbox 0 0 1500 4986; x_wconf 95' lang='lat' dir='ltr'> </span> 
     </span>
    </p>
   </div>
  </div>
 </body>
</html>
