2990 4986
654 373 899 450 ...68-

160 633 164 641 f
227 593 348 656 qnoque
380 573 488 638 miliani
516 581 655 655 tauquam
685 571 806 656 siguum
834 573 945 655 posuit,
974 575 1061 638 cuins
1089 593 1147 656 ope
1167 585 1326 640 remcaret.

228 687 345 750 Novem
366 687 472 750 diebus
493 703 588 766 prope
609 683 693 748 illum
722 685 844 748 bortum
872 685 972 765 venit,
995 694 1026 748 et
1046 695 1136 750 nocte
1165 703 1328 768 oppressus

227 815 334 878 parum
355 795 507 859 dormivit.
551 793 710 876 Improbus
732 811 810 856 vero
830 793 956 858 daemon
988 795 1150 860 arundines
1172 796 1240 860 illas
1259 797 1328 859 col·-

230 909 325 970 leetas
347 907 384 969 ad
406 915 494 987 caput
516 907 581 969 eius
599 907 709 986 posuit,
735 905 870 969 fortasse
882 905 939 968 Dei
954 905 1105 986 permissu
1125 907 1164 969 ad
1185 907 1327 970 maiorem

228 1017 323 1080 sancti
345 1016 602 1096 exercitationem,
629 1003 675 1079 ne'
696 1016 728 1078 in
756 1016 951 1080 arundinibus
979 1016 1105 1080 ducibus
1132 1033 1216 1098 spem
1243 1035 1327 1081 suam

227 1130 362 1208 haberet,
385 1127 440 1191 sad
460 1127 556 1210 magis
577 1126 608 1188 iu
631 1126 727 1209 gratia
748 1127 814 1207 Dei,
844 1125 896 1206 qui
924 1143 979 1205 per
1007 1125 1174 1190 columnam
1196 1127 1274 1208 iguis
1297 1135 1329 1190 et

228 1240 316 1303 nubis
338 1238 536 1320 quadraginta
557 1255 651 1300 anuos
675 1236 708 1299 in
728 1237 787 1301 ista
808 1235 971 1301 solitudine
991 1236 1133 1316 populum
1150 1235 1244 1300 lsrael
1265 1253 1327 1300 uon

227 1350 417 1414 obedientem
436 1356 470 1411 et
491 1356 711 1430 repugnantem
732 1347 865 1412 deduxit.
893 1347 1030 1430 Surgens
1050 1348 1145 1430 igitur
1166 1347 1326 1409 arundines

228 1461 383 1543 colligatas
411 1459 537 1522 invenit.
588 1457 714 1522 Snrotus
747 1466 860 1522 autenm
893 1459 960 1537 Ubi,
997 1460 1102 1540 iuquit,
1136 1459 1174 1521 ad
1206 1459 1327 1522 bortum

227 1571 353 1652 propius
374 1570 500 1648 necessi,
523 1587 564 1632 ex
586 1587 624 1631 co
650 1569 768 1650 egressi
790 1577 860 1632 sunt
879 1567 1012 1649 mihique
1030 1576 1232 1632 occurrerunt
1253 1586 1327 1648 sep-

228 1681 365 1762 tuaginta
385 1680 451 1743 lere
472 1681 635 1744 daemones
655 1680 749 1742 variis
769 1678 874 1742 formis
895 1680 1032 1762 praediti,
1053 1681 1102 1743 alii
1118 1681 1239 1761 quidem
1261 1679 1326 1742 cla-

228 1799 354 1870 mantes,
384 1791 434 1853 alii
455 1809 530 1854 vero
553 1789 738 1870 exsilientes,
768 1790 817 1852 alii
838 1807 907 1852 cum
928 1809 1038 1876 magno
1068 1790 1190 1854 fremitu
1217 1793 1248 1854 in
1278 1809 1326 1854 me

227 1902 366 1966 dentibus
389 1901 560 1965 stridentes,
605 1900 705 1963 Ceteri
736 1908 875 1979 tanquam
903 1903 989 1963 corvi
1010 1902 1146 1966 volantes
1177 1901 1326 1968 audebant

133 1984 136 1988 ’
226 2013 323 2076 vultui
344 2029 412 2074 meo
433 2011 578 2074 insultare
589 2010 740 2073 diceutes:
762 2009 839 2084 Quid
858 2011 916 2089 vis,
928 2011 1050 2090 Maeoni,
1070 2012 1195 2076 tentatio
1218 2029 1325 2074 mone·-

226 2123 376 2186 chorum?
419 2122 498 2196 Quid
529 2122 566 2183 ad
594 2139 650 2184 uos
680 2121 856 2185 accessisti?
899 2121 948 2184 An
981 2139 1037 2185 uos
1069 2129 1188 2204 quoqne
1219 2131 1324 2187 contra

226 2233 341 2312 aliquos
363 2233 578 2294 monachornm
600 2229 758 2294 machinati
780 2233 905 2294 snmus?
938 2233 1022 2306 Quae
1042 2242 1144 2298 nostra
1167 2242 1247 2314 suut,
1268 2235 1326 2296 ha·

225 2343 281 2405 bes
303 2340 365 2404 illic
394 2361 462 2404 cum
485 2343 528 2406 tui
549 2341 713 2422 similibus,
742 2344 931 2408 solitudinem
958 2343 1038 2423 dieo,
1060 2362 1077 2406 e
1100 2362 1157 2424 qua
1178 2356 1325 2429 cognatos
1359 2329 1366 2346 ⁸

226 2461 348 2516 nostros
369 2453 538 2536 fugavistis.
560 2454 672 2515 Tecum
694 2454 1106 2530 nibilcommunehabemus3
1139 2458 1324 2536 quidnostra

223 2581 293 2649 poca
314 2565 510 2646 ingrederis?
553 2562 747 2628 Auochoreta
776 2574 934 2628 contentus
963 2575 1029 2630 esto
1050 2568 1222 2632 solitudine.
1266 2571 1323 2645 oni

224 2673 305 2735 huuc
326 2673 426 2738 locum
448 2673 652 2753 aedificarunt,
674 2693 742 2737 eum
764 2676 852 2738 nobis
874 2676 1080 2758 adsignarunt.
1119 2678 1188 2741 Non
1208 2681 1324 2760 poteris

223 2783 273 2845 bio
294 2801 424 2846 manere.
447 2785 524 2859 Quid
540 2785 670 2864 quaeris
681 2785 800 2867 ingredi
819 2785 929 2867 locum,
952 2807 1142 2868 quemnemo
1159 2791 1322 2872 hominurn,

223 2893 276 2971 qui
290 2892 442 2972 vixerunt,
464 2913 503 2956 ex
526 2913 585 2975 quo
606 2906 744 2975 tempore
765 2895 887 2976 iratres,
909 2899 961 2978 qui
983 2917 1052 2962 eum
1073 2901 1281 2982 condiderunt,
1305 2921 1323 2965 a

222 3003 311 3066 nobis
331 3004 511 3082 hic-sepulti
532 3014 611 3084 sunt,
633 3013 680 3068 est
699 3007 881 3088 ingressus?
914 3009 1055 3073 Sanctus:
1078 3012 1186 3092 Quum,
1215 3013 1322 3094 aiebat,

223 3115 348 3177 multum
373 3115 497 3195 insuper
528 3117 685 3180 turbarent
715 3117 1010 3201 lamentarenturque
1039 3121 1210 3204 daemones,
1243 3126 1322 3189 dixi:

223 3224 379 3306 Ingrediar
401 3233 524 3306 tautum,
554 3229 675 3308 videbo,
697 3239 729 3293 et
749 3229 819 3291 hino
842 3232 990 3295 recedam.
1035 3234 1218 3299 Daemones:
1245 3237 1322 3316 lloc,

222 3335 371 3414 inquiunt,
400 3337 488 3398 nobis
515 3339 656 3417 promitte
685 3339 716 3401 in
737 3341 922 3404 conscientia
943 3350 1004 3406 tua.
1048 3345 1087 3408 Et
1108 3363 1199 3426 quum
1222 3347 1322 3410 dixis-

198 3427 302 3508 sem:
335 3445 400 3507 lloc
428 3444 551 3526 faciam,
573 3447 742 3512 »confestim
778 3463 975 3516 evanuerunt.
1027 3451 1188 3537 lngressus
1215 3459 1321 3540 igitur,

222 3557 330 3634 aiebat,
352 3556 414 3618 vidi
432 3559 543 3620 omnia
589 3559 769 3624 Ubi-iuveni
790 3563 895 3626 cadum
924 3581 1060 3646 aeneum,
1092 3576 1198 3632 cateno
1220 3569 1321 3634 ferrea

222 3664 402 3744 pendentem
414 3685 452 3729 ex
467 3677 569 3748 puteo,
583 3669 646 3734 sed
668 3680 804 3752 ternpore
822 3685 1039 3756 consumptum,
1060 3687 1093 3742 et
1114 3678 1230 3744 tructus
1252 3699 1321 3744 ma-

160 3815 166 3822 ·
221 3775 320 3838 lorum
343 3778 501 3860 siccarum,
523 3799 600 3860 quae
622 3783 804 3848 intrinsecus
824 3803 938 3850 vacuae
955 3797 1049 3853 erant.
1077 3790 1204 3853 Sanetus
1226 3791 1322 3872 igitur

220 3905 311 3966 quum
334 3889 446 3968 absque
468 3891 694 3970 perturbatione
715 3894 798 3956 illinc
819 3895 1008 3975 recessisset,
1039 3915 1094 3978 per
1124 3900 1231 3981 viginti
1251 3900 1319 3964 dies

218 3999 373 4062 remeavit.
397 3997 586 4080 Consumptis
605 4019 680 4065 vero
693 4005 812 4066 cibariis
827 4006 1020 4070 solitudinem
1037 4027 1203 4092 peragrans
1221 4029 1318 4091 paene

218 4107 433 4172 nihilomnino
452 4112 593 4192 gustavit,
614 4113 696 4192 quod
717 4131 768 4178 res
781 4130 900 4196 quoque
921 4119 1072 4197 probavit;
1095 4127 1185 4200 atque
1207 4129 1319 4184 tentata

218 4225 266 4278 est
287 4219 445 4284 tolerantia
466 4221 542 4284 eius.
583 4223 679 4296 Quum
700 4226 855 4287 veroiam
877 4245 981 4307 parum
1004 4229 1133 4310 abesset,
1154 4232 1226 4310 quin
1248 4231 1318 4294 col-

216 4328 379 4410 laberetur,
409 4331 437 4392 ei
461 4331 524 4394 visa
546 4340 594 4396 est
614 4349 707 4396 uuum
727 4332 794 4400 iere
814 4337 942 4402 stadium
964 4339 1198 4422 distansfpuella
1219 4361 1318 4423 quoe·

286 4449 298 4484 ,
438 4457 442 4469 .
