2974 4964
636 397 880 473 ...86-

213 607 270 679 eet,
291 599 325 662 in
338 597 669 682 cellulis'transegisse
689 615 723 662 se
744 606 857 678 narrat,
879 599 968 664 etiarn
991 605 1054 662 tres
1069 609 1220 662 ceannos
1242 614 1315 659 eum

215 710 349 776 Macerio
371 711 485 776 uixisse
506 711 608 782 dicero
630 710 736 790 potuit,
758 711 817 775 etsi
835 709 888 772 illo
910 719 1045 790 tempore
1065 707 1160 770 breve
1182 707 1241 770 iter
1261 708 1314 772 in-

216 823 360 888 stituerit.
414 821 576 884 linearium
608 815 643 882 ta
670 817 773 900 operiere
800 816 936 882 sedisse*
958 819 1012 881 uix
1044 817 1124 880 aliud
1153 795 1316 898 quidquam

215 931 372 1014 significat,
394 929 453 993 nisi
475 947 544 992 eum
565 945 691 992 munere
711 928 872 992 sacerdotii
899 929 929 991 in
957 945 1045 990 usum
1078 925 1204 990 fratrum
1237 916 1317 1008 pro-

215 1049 284 1122 pter
306 1047 492 1104 senectutem
513 1031 577 1102 'tum
589 1039 786 1120 nonamptius
807 1039 942 1102 mactum
960 1055 1030 1102 esse
1044 1038 1083 1121 ¹).
1107 1037 1317 1102 Titlemontius

216 1152 357 1216 everbis
378 1151 499 1214 Palladii
520 1153 678 1232 conclusit,
707 1151 804 1214 tribus
824 1151 883 1214 illis
913 1151 998 1213 annis
1020 1149 1130 1230 elapsis
1151 1150 1318 1213 Macarium

217 1259 386 1344 onnsse2),
416 1259 496 1324 unde
518 1279 600 1324 mors
622 1264 688 1326 eius
709 1263 740 1324 in
763 1277 872 1323 annum
895 1259 957 1326 395
981 1259 1114 1339 caderet,
1142 1261 1320 1340 etquidem

219 1379 349 1434 testante
370 1370 587 1453 Martyrologto
608 1372 640 1434 in
662 1367 715 1434 tv.
728 1379 796 1436 ante
817 1371 894 1438 Non.
908 1372 1077 1450 ianuarias,
1100 1369 1225 1434 Graecis
1247 1371 1319 1433 Me-

220 1483 305 1546 naeis
327 1482 454 1546 testibus
475 1482 506 1543 in
527 1482 608 1545 xlv.
631 1491 699 1546 unte
721 1483 840 1546 calend.
854 1481 1031 1546 Februarias
1044 1481 1085 1566 ⁸).
1131 1481 1191 1545 Sed
1206 1497 1279 1542 num
1301 1497 1321 1542 e

157 1644 161 1653 .
219 1591 322 1654 verbis
344 1589 465 1653 Palladii
485 1589 558 1653 illud
580 1599 663 1678 recte
685 1593 787 1674 colligi
810 1594 913 1673 possit,
935 1593 967 1654 in
989 1591 1111 1654 dubium
1133 1590 1202 1653 iure
1223 1607 1322 1652 voca·

220 1711 280 1764 tur.
334 1701 496 1764 diaconium
528 1703 607 1764 enim
637 1713 704 1783 post
736 1703 804 1767 illos
837 1711 900 1766 tres
932 1720 1026 1766 annos
1060 1703 1159 1764 statim
1192 1701 1322 1764 animam

222 1811 339 1873 efflasse
365 1811 510 1877 Palladius
533 1830 593 1875 non
614 1813 696 1892 dicit,
718 1813 772 1876 sed
792 1814 850 1877 hoc
872 1813 981 1876 solum:
1016 1811 1179 1875 Macarium
1192 1811 1324 1890 Aegyp·

221 1923 296 1988 tium
318 1939 396 1986 anno
417 1933 486 1988 ante
507 1924 666 1987 adventum
687 1925 780 2005 ipsius
801 1927 832 1990 in
846 1923 1035 1988 solitudinem
1057 1929 1209 1986 mortuum
1233 1937 1321 1992 esse;
1367 1953 1374 1962 ·

221 2049 292 2093 cum
302 2031 434 2096 Macerio
455 2039 554 2096 autem
572 2033 979 2113 Alexandriamcellclnrum
1000 2034 1192 2115 presbytero,
1212 2051 1248 2094 se
1260 2039 1326 2094 tres

223 2159 319 2206 annos
345 2143 468 2208 vixisse.
513 2145 601 2223 Quid,
630 2145 656 2206 si
687 2145 834 2207 Macarius
857 2144 1090 2223 Alexandrinus,
1120 2145 1171 2224 qui
1193 2144 1326 2206 Palladio

224 2251 343 2336 testea)
365 2255 397 2316 in
417 2251 512 2316 Nitria
533 2265 564 2318 et
585 2256 615 2317 in
636 2255 781 2317 interiore
802 2264 885 2318 vasta
907 2255 1069 2320 solitudine
1092 2254 1186 2318 cellas
1208 2253 1325 2334 habuit,

224 2365 383 2444 pastillos
405 2373 582 2428 tresannos
611 2366 641 2428 in
671 2367 755 2429 aliam
786 2366 892 2428 celiam
920 2367 1015 2430 abiit?
1070 2366 1149 2441 Quid
1184 2366 1211 2428 si
1244 2383 1326 2427 con-

227 2474 348 2555 gressui
367 2473 501 2537 xnanum
533 2459 654 2538 omnino
690 2493 724 2539 so
763 2476 927 2540 saoconna
981 2477 1101 2555 noceor,
1140 2475 1329 2538 naumann

227 2585 402 2648 sententiam
424 2585 616 2678 verisimilem
637 2587 756 2668 quidem
785 2601 865 2665 esse,
894 2587 948 2649 sed
977 2595 1090 2650 certam
1106 2603 1185 2650 ¹eam
1208 2594 1330 2665 nequa·

228 2712 316 2775 quam
337 2695 473 2758 dixerim.

315 2802 377 2881 Sin,
410 2805 591 2866 Tillemontii
619 2805 789 2883 opinionem
823 2805 930 2885 secuti,
963 2805 1132 2884 statuimus,
1163 2805 1334 2868 Macarium

231 2908 468 2972 Alexandrinum
490 2928 593 2972 mense
614 2912 756 3006 ianuario
777 2915 848 2977 anni
870 2914 933 2978 395
955 2916 1016 2978 vita
1038 2913 1220 2994 decessisse,
1251 2933 1335 2976 eun-

234 3017 392 3081 demente
414 3035 522 3079 annum
544 3019 607 3081 295
629 3031 741 3100 natum,
771 3031 801 3087 et
831 3033 900 3086 ante
930 3041 1038 3086 annum
1061 3021 1124 3087 335
1147 3025 1336 3104 baptizatum

234 3143 314 3204 esse,
336 3133 500 3188 statuamus
521 3145 646 3196 necesse
668 3141 722 3194 est.
751 3129 826 3194 Nam
838 3133 966 3196 Palladio
989 3143 1115 3198 auctore
1128 3151 1224 3195 annos
1255 3151 1337 3213 qua-

228 3235 372 3316 draginta
399 3243 486 3298 natus
512 3236 688 3316 baptismum
710 3245 852 3322 suscepit,
882 3263 921 3307 ex
950 3262 1010 3324 quo
1039 3244 1147 3316 saltem
1175 3243 1338 3325 sexaginta

236 3361 329 3407 annos
351 3343 476 3428 virit⁶).
499 3347 620 3430 Macarii
641 3350 692 3413 illo
714 3353 751 3414 ad
772 3354 1003 3418 Tabennesiotas
1024 3355 1135 3417 itinere
1156 3353 1338 3430 edocemur,
1442 3373 1447 3380 ¹

229 3471 305 3530 ¹eum
326 3461 394 3522 aute
414 3473 523 3520 annum
537 3457 611 3540 348,
634 3461 880 3539 quoPachomius
900 3465 978 3528 diem
1001 3483 1175 3547 supremum
1204 3465 1281 3528 obiit
1292 3461 1339 3545 ⁶),

264 3717 293 3786 1)
315 3718 396 3772 Simili
414 3719 491 3772 modo
511 3719 632 3788 Ephraim
651 3725 699 3778 τὸν
717 3724 817 3794 ἥσυχον
836 3728 882 3780 det
898 3729 1043 3795 tectonicas
1058 3735 1119 3802 βίον
1131 3733 1235 3788 dicitnr.
1271 3731 1340 3788 diist.

193 3850 195 3853 .
312 3807 387 3865 Laus.
408 3809 450 3860 ed.
472 3811 564 3862 neura.
588 3827 644 3878 cap.
669 3813 722 3867 101
745 3813 812 3882 Opp.
832 3817 925 3874 neura.
945 3818 963 3870 Ι.
986 3818 1003 3870 l.
1025 3835 1050 3885 p.
1071 3821 1138 3880 572.

260 3893 290 3962 2)
309 3897 445 3950 nonanes
465 3897 507 3958 ed.
526 3899 662 3952 Bruxelies
682 3899 710 3952 T.
731 3903 795 3958 VIII
815 3903 843 3961 P.
863 3907 904 3960 111
923 3921 949 3975 p.
968 3908 1051 3966 1078.

263 3979 292 4049 3)
313 3981 351 4037 Gi.
371 3986 438 4037 inira
458 3985 520 4054 Gap.
539 3989 612 4040 vm.

263 4063 294 4134 4)
315 4071 396 4137 Supra
416 4089 442 4138 p.
464 4073 510 4126 69.
558 4075 561 4082 ’

266 4155 295 4217 5)
315 4155 354 4213 Gi.
373 4175 450 4226 supra
474 4164 501 4225 S.
526 4163 559 4214 18
580 4177 604 4228 p.
626 4162 660 4214 75
681 4177 738 4228 sqq.

267 4239 759 4315 o)nn.ss.eott.n.111n1at.p.
787 4250 841 4303 290
868 4267 924 4319 sqq.
955 4267 1012 4304 cum
1033 4250 1181 4309 Tiliemcnt.
1203 4251 1345 4306 demones

318 4329 360 4384 ed.
381 4331 458 4388 Brux.
479 4334 506 4390 T.
527 4337 574 4386 vit
595 4335 622 4392 P.
643 4338 681 4388 111
703 4351 728 4401 p.
753 4338 834 4394 1233.
