2990 4986
608 419 850 493 ..53-

177 619 278 682 diendi
300 619 457 682 sciliceta
481 635 622 699 corpore.
666 618 753 694 Quod
775 638 850 683 vero
863 619 899 682 ad
917 619 1046 701 gloriam
1069 619 1183 700 attinet,
1205 619 1279 684 lmec

176 730 205 792 ei
227 749 266 792 ne
288 731 319 792 in
342 739 474 792 mentem
494 729 615 810 quidem
638 730 730 794 venit.
774 731 858 792 Hono
873 739 969 795 autem
984 733 1013 794 ei
1032 731 1198 796 doctrinam
1221 732 1278 794 de-

176 840 237 904 dit:
271 839 380 903 Adduo
402 841 484 918 mihi,
507 838 610 920 inquit,
634 839 761 920 aliquem
784 842 815 904 in
838 843 913 904 mari
934 841 1131 904 ambulantem
1152 850 1183 904 et
1204 860 1278 904 cae-

174 953 238 1014 lum
260 967 370 1014 versus
392 950 497 1012 oculos
518 950 549 1012 iu
572 949 677 1029 solem,
701 953 786 1014 cuius
809 953 900 1014 radiis
920 961 1116 1031 sustentetur,
1139 952 1278 1034 deligen-

175 1069 254 1136 tem3
289 1061 339 1122 eui
371 1061 438 1140 quis
459 1059 638 1140 praecipiat:
661 1060 693 1125 Si
714 1061 824 1142 locum,
854 1065 885 1124 in
908 1082 968 1144 quo
991 1063 1133 1141 ambulas,
1160 1063 1276 1142 aspicis,

176 1173 209 1234 in
230 1190 313 1233 rnare
335 1172 549 1253 submergeris,
583 1171 654 1252 quid
682 1174 710 1235 ei
738 1175 865 1253 accidet,
902 1176 928 1238 si
958 1175 1134 1238 inobediens
1162 1173 1276 1235 fuerit?

175 1283 229 1364 lta,
252 1285 354 1366 quiin
379 1283 508 1365 gloriam
529 1283 585 1346 Dei
607 1281 712 1346 oculos
734 1284 871 1361 intendit,
894 1285 1032 1366 gloriam,
1060 1304 1137 1366 quae
1160 1286 1195 1348 ab
1217 1285 1276 1349 ho-

173 1395 302 1457 minihus
325 1393 476 1473 provenit,
500 1392 625 1472 pedibus
648 1392 752 1460 calcat.
796 1395 881 1456 Hanc
904 1403 1004 1456 autem
1026 1395 1052 1456 si
1074 1395 1208 1474 respicit,
1238 1395 1274 1456 ab

171 1507 222 1569 illa
243 1505 364 1569 decidit.
387 1504 415 1567 Α
438 1523 495 1586 qua
518 1505 545 1567 si
566 1503 722 1584 deciderit,
745 1503 845 1567 multis
865 1505 930 1567 aliis
952 1504 1109 1568 affectibus
1132 1505 1273 1586 agitatur.

171 1617 279 1680 Cetera
299 1635 375 1679 vero
398 1615 487 1678 huius
510 1616 615 1695 sancti,
638 1634 726 1695 quam
748 1617 922 1680 misericors
945 1616 1036 1681 luerit
1058 1625 1088 1680 et
1109 1615 1272 1699 fraternus,

172 1739 203 1794 et
225 1738 367 1810 quantam
396 1729 535 1800 hahuerit
557 1727 770 1792 discretionem
797 1729 827 1791 in
855 1729 1009 1809 operibuS,
1038 1746 1118 1790 nuno
1150 1729 1270 1809 quidem
1321 1793 1329 1810 ,

171 1839 286 1902 silebo“
305 1837 353 1924 ¹).

256 1951 339 2012 ilaec
360 1951 455 2033 igitur
476 1951 609 2014 narratio
632 1970 649 2014 a
671 1951 786 2016 duabus
809 1953 885 2036 istis,
907 1969 982 2032 quas
1003 1969 1021 2014 e
1042 1951 1120 2013 libro
1138 1950 1272 2014 secundo

171 2069 203 2124 et
231 2079 249 2122 e
280 2062 422 2126 Cassiano
450 2079 541 2142 supra
570 2047 731 2142 attulimus,
765 2081 802 2125 eo
833 2063 1018 2143 potissimum
1049 2060 1158 2139 differt,
1192 2059 1273 2142 quod

168 2173 379 2236 resuscitatum
409 2192 426 2235 a
454 2173 586 2236 Macerio
620 2175 802 2254 baptizatum
836 2191 916 2258 esse
936 2183 967 2236 et
1000 2171 1096 2235 tribus
1125 2171 1210 2234 annis
1240 2171 1271 2234 in
1338 2231 1339 2234 ,

167 2301 272 2345 eremo
309 2285 468 2348 transactis
501 2285 600 2347 denuo
635 2286 746 2348 obiisse
778 2285 876 2364 docet,
906 2284 986 2365 quod
1013 2284 1091 2346 liber
1120 2281 1270 2347 secundus

165 2413 226 2456 non
258 2397 348 2460 habet
376 2405 406 2460 et
435 2395 594 2460 Cassianus
626 2407 731 2477 aperte
764 2405 863 2478 nogat.
890 2469 894 2472 ,
920 2394 1047 2470 Quando
1082 2393 1132 2456 vel
1164 2411 1181 2453 a
1210 2411 1270 2472 quo

165 2507 299 2568 narratio
315 2508 427 2586 scripta
449 2508 498 2585 sit,
520 2513 619 2586 neque
632 2525 671 2569 ex
685 2525 723 2569 ea
745 2509 819 2586 ipsa,
842 2523 942 2584 neque
955 2502 1075 2564 aliunde
1097 2502 1170 2564 satis
1192 2518 1270 2562 oon·
1335 2487 1338 2494 ⁴

168 2620 237 2680 stat.
280 2615 379 2694 Fides,
411 2633 500 2695 quam
532 2617 692 2694 episcopus
714 2615 848 2694 exponit,
877 2614 1015 2692 spiritum
1036 2617 1171 2674 sanetum
1193 2609 1270 2690 patri

168 2731 200 2786 et
233 2725 294 2787 filio
319 2719 485 2802 ὁμοούσιον
516 2735 613 2788 vocat.
659 2727 723 2800 Qua
752 2743 829 2786 vooe
860 2725 992 2806 synodus
1015 2722 1291 2802 Constantinopo--

165 2835 257 2898 litana
280 2845 310 2898 et
332 2836 468 2918 symbola
490 2836 558 2898 fidei
581 2837 618 2898 de
640 2837 747 2916 spiritu
770 2843 873 2899 sancto
895 2853 956 2896 non
985 2841 1110 2898 utuntur
1121 2828 1164 2914 ²).
1208 2831 1267 2896 Sed

165 2946 304 3026 spiritum
332 2946 409 3026 patri
430 2953 461 3008 et
489 2946 550 3010 filio
584 2941 751 3024 ὁμοούσιον
777 2947 835 3008 iam
867 2944 1049 3008 Athanasius
1079 2941 1206 3023 appellat
1221 2941 1264 3026 ⁸).

191 3147 218 3206 l)
239 3143 334 3195 Tantus
355 3161 464 3213 graecus
484 3147 580 3216 legitur
599 3149 666 3200 inira
687 3151 715 3200 in
734 3149 895 3216 Appendico.

189 3235 218 3296 2)
240 3233 388 3298 Symbolum
409 3238 513 3288 concilii
526 3237 806 3306 Constantinopolitani
819 3239 852 3290 de
872 3239 964 3306 spiritu
978 3243 1067 3298 sancto
1082 3235 1147 3288 haec
1167 3233 1261 3285 habet:

242 3328 317 3388 „Kal
330 3325 518 3398 (πιστεύομεν)
531 3332 570 3386 εἰς
581 3332 609 3381 τό
630 3331 741 3400 πνεῦμα
751 3332 779 3382 τό
792 3325 881 3398 ἅγιον,
902 3329 932 3380 cd
952 3323 1056 3397 κόριον,
1077 3327 1106 3378 rd
1117 3318 1262 3386 ζωοποιόν,

239 3413 271 3463 τὰ
291 3413 320 3464 ἐκ
335 3415 380 3465 τοῦ
400 3417 502 3484 πατρὸς
522 3416 753 3486 ἐκπορευόμενον,
774 3417 805 3469 τὰ
824 3419 876 3469 σῦν
895 3418 976 3484 πατρὶ
997 3417 1042 3466 καὶ
1055 3415 1104 3483 vtpi
1123 3427 1261 3483 συμπροε-

241 3498 408 3570 κυνούμενον
428 3506 472 3554 καὶ
495 3502 739 3576 συνδοξαζόμενον,
759 3507 788 3557 τὰ
809 3506 925 3568 talpona
945 3501 993 3554 dod
1012 3507 1065 3555 τῶν
1085 3495 1258 3573 προφητῶν.“

239 3588 320 3638 ltlansi
350 3587 430 3642 Gonc.
452 3591 537 3657 Ampl.
559 3589 625 3648 uolt.
653 3592 682 3648 Τ.
702 3591 741 3643 111
767 3608 794 3659 p.
817 3592 881 3648 565.
921 3590 1016 3643 Iisdem
1038 3589 1092 3640 iere
1117 3587 1205 3640 verbis
1226 3584 1259 3635 de

237 3677 329 3741 spiritu
350 3687 439 3730 sancto
460 3687 545 3730 cetera
565 3695 669 3748 quoque
689 3679 749 3731 fidei
771 3679 888 3746 symbola
907 3679 1057 3746 loquuntur.

184 3767 215 3832 3)
238 3753 311 3830 „Kal
330 3767 378 3820 οὐκ
397 3767 507 3832 ἄδηλον,
529 3767 568 3820 ὅτι
588 3771 637 3822 οὐκ
656 3770 712 3822 ἔστι
733 3777 786 3822 τῶν
799 3771 910 3828 ,πολλῶν
929 3771 958 3822 cd
978 3771 1098 3838 πνεῦμα,
1119 3765 1174 3817 utt'
1195 3759 1259 3816 οὐδὲ

236 3855 360 3924 ἄγγελος,
392 3855 447 3908 ἀλλ’
476 3855 507 3910 ἓν
533 3853 583 3910 ὄν.
613 3859 718 3928 μᾶλλον
743 3856 774 3911 δὲ
798 3858 844 3910 τοῦ
863 3857 945 3926 λόγου
975 3854 1037 3913 ἑνός
1067 3854 1150 3910 ὄντος-
1173 3849 1258 3907 ἴδιον,

234 3945 280 3996 καὶ
308 3947 355 3996 τοῦ
384 3948 453 3996 θεοῦ
487 3942 550 4002 ἑνός
579 3942 654 4004 ὄντος
687 3944 763 3998 ἴδιον
788 3948 834 3998 καὶ
855 3942 1004 4016 ὀμοούσιόν
1033 3941 1116 3994 ἐστι.“
1164 3936 1256 3998 Athen,

234 4031 282 4098 Ep.
305 4032 338 4082 ad
367 4033 501 4099 Serapion.
530 4035 556 4083 in
586 4031 652 4100 Opp.
681 4033 775 4090 Athen.
805 4032 833 4086 T.
864 4031 924 4084 lP.
958 4031 983 4082 ll
1010 4045 1036 4096 p.
1067 4023 1133 4080 540.
1172 4026 1256 4080 Atha-

233 4123 321 4172 nasius
354 4123 470 4188 spiritum
498 4131 613 4174 sanctum
646 4139 702 4174 cunr
737 4130 810 4188 patre
839 4129 865 4172 et
894 4121 949 4172 filio
983 4115 1098 4168 eiusdem
1133 4115 1256 4170 substan-

233 4211 285 4261 tiae
314 4211 369 4276 (τῆς
397 4209 479 4276 αὐτῆς
509 4210 612 4280 οὐσίας)
648 4227 707 4262 esse
739 4213 784 4262 ait.
836 4211 875 4264 De
910 4209 1010 4262 lucam.
1040 4213 1130 4259 contra
1156 4207 1253 4263 ¹Arion.

232 4313 289 4364 cap.
309 4298 335 4354 9.
358 4297 402 4354 19.
443 4295 511 4365 Opp.
526 4297 619 4355 Athen.
640 4299 657 4356 l.
679 4299 696 4350 l.
718 4314 744 4365 p.
766 4299 830 4352 nol.
854 4297 919 4353 708.
959 4295 984 4348 S.
1008 4295 1129 4362 Spiritum
1149 4299 1200 4351 ortu
1218 4300 1255 4368 api

231 4389 312 4459 πατρὶ
333 4391 377 4440 καὶ
397 4391 431 4460 cpi
452 4389 502 4457 cipi
522 4392 564 4454 τῆς
583 4391 651 4460 μιᾶς
675 4389 720 4440 καὶ
747 4393 792 4453 τῆς
816 4388 893 4454 αὐτῆς
906 4385 1008 4445 ὀὐσίας
1028 4403 1054 4441 ιε
1074 4389 1120 4440 καὶ
1133 4387 1254 4449 ἐξουσίας
