2990 4986
650 376 870 448 ...6-

215 575 307 638 vitam
326 574 530 637 monachicam
550 589 637 654 quarn
654 575 781 636 maxime
800 573 990 637 inclinabant.
1017 573 1107 652 ,Post
1121 573 1311 654 persecutio-

216 705 285 750 nem
313 685 490 749 Diocletiani
520 694 551 748 et
578 683 748 748 Maximiani
778 683 943 747 crudelium
965 685 1132 764 principum
1153 683 1311 747 multitudo

216 798 351 880 gentium
369 796 416 873 (in
438 796 633 871 monasteria)
650 793 773 858 intravit
795 801 826 858 et
845 791 1011 856 iocunditas
1026 793 1174 856 ecclesiae
1196 792 1312 856 fructus

215 907 412 987 amplissimos
447 906 546 986 coepit
577 905 722 968 exhibere
738 907 794 978 ¹)·“
850 905 927 968 Naro
966 905 1229 984 „considerantes,
1261 903 1313 983 qui

216 1017 423 1096 crediderant,
458 1025 623 1098 martyrum
662 1015 818 1096 passiones
852 1033 1017 1096 eorumque
1048 1017 1200 1078 sincerum
1233 1016 1314 1078 circa

216 1127 366 1192 christum
388 1127 587 1192 confessionis
609 1127 758 1206 affectum,
781 1137 947 1207 coeperunt
976 1135 1006 1190 et
1033 1127 1090 1207 ipsi
1112 1144 1166 1206 per
1189 1123 1314 1208 gratiam

216 1237 335 1300 Domini
355 1235 533 1301 Sanctorum
560 1238 652 1302 vitam
684 1237 1004 1318 conversationemque
1031 1237 1141 1300 sectari
1169 1244 1200 1300 et
1226 1236 1314 1302 buius

202 1347 411 1412 'institutionis
434 1365 511 1422 esse,
540 1357 576 1410 ut
604 1347 692 1411 etiam
721 1347 767 1410 his
792 1347 866 1409 illud
895 1355 1048 1428 aptaretur
1076 1347 1218 1428 apostoli:
1249 1346 1314 1408 cir·

218 1461 386 1523 cumicrnnt
408 1459 438 1520 in
460 1459 587 1533 melotis,
616 1459 648 1520 in
670 1457 796 1538 pellibus
819 1459 959 1539 caprinis,
982 1467 1119 1542 egentes,
1142 1459 1314 1539 angustiati,

217 1571 329 1648 afflicti,
350 1569 457 1651 quibus
476 1587 536 1632 non
555 1570 740 1652 eratdignus
760 1569 899 1648 mundus,
919 1571 951 1632 in
973 1569 1183 1634 solitudinibus
1205 1587 1315 1632 erran-

218 1689 265 1746 tes
287 1691 319 1746 et
350 1682 516 1760 montibus,
551 1681 581 1742 in
607 1680 759 1760 speluncis
787 1685 818 1742 et
840 1681 979 1744 cavernis
1005 1687 1107 1742 terrae
1120 1677 1177 1760 ²).“
1224 1679 1315 1743 Vides
1400 1737 1403 1742 .

217 1791 350 1856 studium
371 1792 515 1874 martyrii,
535 1792 673 1856 timorem
695 1789 750 1853 Dei
773 1800 862 1870 atque
883 1809 985 1853 curam
1008 1811 1100 1854 verae
1122 1791 1226 1855 salutis
1248 1791 1315 1852 ani·

221 1921 287 1965 mae
314 1902 397 1964 viros
426 1900 494 1964 illos
527 1902 558 1962 in
591 1919 725 1964 eremum
753 1900 906 1980 eduxisse,
938 1902 969 1962 in
998 1919 1058 1982 qua
1085 1903 1176 1966 vitam
1199 1901 1230 1963 in
1252 1901 1316 1963 lieo

221 2014 396 2077 collocatam
418 2013 566 2091 viverent,
595 2021 627 2076 et
648 2019 745 2074 morte
773 2029 829 2092 pro
851 2009 970 2076 Christo
992 2013 1023 2074 in
1055 2011 1316 2094 persecutionibus

222 2123 377 2186 subeunda
398 2141 459 2186 non
482 2123 597 2204 dignati
617 2141 698 2185 nunc
720 2121 856 2201 sibiipsi
878 2132 909 2187 et
929 2123 1039 2186 mundo
1061 2131 1262 2201 morerentur,
1283 2129 1317 2184 ut

222 2242 426 2315 exsurgerent
453 2232 484 2294 in
513 2231 641 2295 Christo.
694 2231 943 2295 Anacboreticam
970 2243 1001 2296 et
1029 2233 1192 2296 solitariam
1220 2232 1317 2312 quarti

223 2341 337 2406 saeculi
357 2344 449 2406 vitam
479 2335 685 2406 continuatum
715 2344 890 2424 martyrium
912 2343 1005 2422 dicas,
1031 2361 1143 2405 novum
1170 2342 1318 2422 quoddam

224 2453 359 2534 martyrii
387 2471 494 2535 genus,
528 2453 619 2533 quod,
652 2472 712 2534 quo
741 2455 838 2536 magis
863 2453 998 2534 ipsorum
1026 2454 1209 2517 voluntatem
1235 2453 1318 2518 Deus

223 2562 337 2626 ducere
347 2564 525 2647 dignaretur
544 2565 583 2627 ad
598 2565 722 2644 exitum,
744 2567 801 2647 ipsi
823 2567 879 2630 sibi
901 2565 1102 2646 imponebant,
1124 2583 1159 2628 ac
1180 2573 1319 2644 tanquam

225 2673 303 2735 viam
329 2671 541 2752 persecutorem
570 2675 816 2756 securioremque
849 2675 906 2737 sibi
935 2675 1101 2756 eligebant,
1134 2677 1319 2738 saecularem

225 2784 326 2862 vitam,
347 2783 378 2846 id
400 2785 480 2864 quod
500 2785 578 2848 bene
600 2785 757 2864 observes,
778 2785 900 2848 minime
921 2786 1120 2876 despicientes
1134 2789 1169 2862 ³).
1199 2786 1245 2849 Ex
1268 2785 1319 2848 illo

226 2902 327 2958 autem
346 2894 492 2960 interiore
514 2903 646 2972 tantum,
679 2897 761 2975 quod
789 2895 912 2974 spiritus
942 2895 1145 2959 effervescens
1167 2907 1320 2977 operatur,

226 3004 379 3068 desiderio
401 3004 565 3067 sanctitatis
587 3005 786 3086 exemploque
807 3024 824 3067 a
845 3005 969 3071 senibus
999 3007 1111 3071 sanctis
1137 3007 1173 3069 ad
1202 3009 1321 3072 imitan-

223 3115 297 3180 dum
317 3116 473 3197 proposito
487 3115 632 3198 explicari
653 3126 764 3198 potest,
785 3119 866 3200 quod
888 3126 950 3184 tota
964 3121 1048 3202 quasi
1058 3117 1215 3202 Aegyptus
1234 3136 1322 3182 senas

255 3373 284 3439 1)
304 3370 371 3426 lbid.
392 3386 417 3438 p.
443 3369 505 3436 111,
529 3378 553 3426 1.

257 3463 285 3523 1)
306 3459 411 3528 Prolog.
431 3462 459 3512 in
479 3463 557 3513 vitam
578 3461 605 3513 S.
627 3461 767 3514 Pachomii.
809 3460 876 3514 lbid.
899 3478 925 3529 p.
950 3464 1013 3527 113,
1038 3466 1062 3516 1.

253 3549 285 3619 3)
303 3549 443 3602 Revelatur
463 3548 632 3616 Paphnutium
652 3552 788 3602 sanctitate
808 3549 915 3602 similem
935 3567 996 3603 esse
1010 3550 1195 3618 symphoniaco
1212 3548 1322 3612 cuidam,

304 3640 348 3707 qni
369 3639 395 3688 in
415 3639 474 3689 vico
495 3638 605 3706 quodam
626 3638 745 3692 cunundi
766 3647 821 3693 arte
840 3641 935 3691 victum
955 3639 1104 3708 quaerebat.
1143 3638 1259 3692 Eundem
1279 3652 1322 3688 re-

205 3747 208 3752 ’
303 3726 404 3779 velatur
424 3727 531 3779 similem
552 3742 611 3778 esse
632 3730 781 3794 praeposito
803 3729 853 3780 vici
874 3727 1006 3788 cuiusdam
1025 3731 1113 3781 vicini.
1154 3728 1225 3780 ldem
1245 3740 1323 3777 sanc-

302 3819 376 3869 titate
396 3815 486 3868 similis
506 3817 634 3868 iudicatur
658 3817 814 3884 negotiatori
833 3813 1009 3870 Alexandrino
1030 3820 1123 3886 viginti
1143 3816 1256 3869 millibus
1277 3827 1323 3865 so-

303 3906 413 3958 lidorum
432 3907 596 3956 mercimonia
615 3903 697 3956 tribus
717 3904 829 3956 navibus
842 3904 969 3959 deferenti
989 3923 1022 3958 ex
1036 3907 1176 3964 Thebaida.
1203 3905 1258 3956 VV.
1271 3901 1321 3955 PP.

303 3995 392 4050 llosw.
412 3994 458 4045 lib.
479 3997 506 4048 ll
525 4009 582 4059 cap.
607 3993 639 4046 16
660 4009 686 4059 p.
708 3991 764 4048 473
786 4009 843 4061 sqq.
884 3995 951 4050 llist.
979 3996 1055 4054 Laus.
1084 3996 1126 4048 cd.
1149 3997 1242 4050 Maure.
1262 4007 1321 4058 cttp.

303 4081 350 4146 44,
371 4078 474 4144 45,45.
515 4083 628 4133 blacerio
648 4098 700 4134 vox
721 4083 786 4134 Dei:
810 4083 933 4146 „blacari‚
955 4085 1046 4152 iuquit,
1067 4084 1176 4135 necdum
1196 4082 1229 4134 ad
1249 4097 1322 4132 men-

304 4186 387 4222 suram
408 4169 514 4222 duarum
534 4170 666 4222 mulierum
687 4173 844 4237 pervenisti,
866 4188 933 4240 quae
953 4173 979 4222 in
1000 4175 1115 4238 proxima
1133 4173 1229 4238 pariter
1249 4169 1324 4222 babi-

305 4268 359 4311 tant
378 4261 512 4310 civitate.·‘
554 4257 620 4314 lbid.
640 4258 686 4309 lib.
709 4262 758 4322 111,
781 4259 815 4314 91
838 4276 864 4330 p.
881 4261 947 4324 515,
965 4264 989 4314 t.
1030 4261 1102 4314 Talia
1122 4277 1185 4314 vcro
1208 4258 1325 4326 exempla

304 4349 330 4398 in
352 4351 413 4402 VV.
434 4347 482 4399 PP.
507 4345 585 4398 multa
605 4349 777 4406 inveniuntur.
