2990 4986
640 322 884 396 ...40—

221 533 345 608 epparel
370 543 487 603 eornm,
510 523 561 604 qui
583 531 652 586 sunt
674 521 801 602 decepti.
845 520 960 584 Deinde
982 539 1059 602 aqua
1080 521 1236 584 benedicta
1257 540 1320 586 nu-

221 637 299 714 dam,
328 654 415 714 quam
439 635 635 709 adduxerant,
665 651 681 692 a
713 649 828 694 summo
857 632 972 694 vertice
999 632 1138 710 aspersit,
1168 649 1319 712 quomque

221 763 313 825 snper
334 754 422 824 caput
446 744 511 804 eius
533 750 672 820 precatus
695 749 787 818 esset,
822 741 920 803 statim
950 741 1087 802 omnibus
1114 759 1181 802 eam
1209 742 1320 803 viden-

221 855 301 921 tibus
323 853 432 916 femina
454 853 598 932 apparuit.
642 851 743 929 Atque
766 851 813 911 vir
834 851 888 912 Dei
911 851 940 912 ei
963 851 1061 912 cibum
1091 852 1198 936 apponi
1223 853 1318 916 iussit.

221 965 297 1032 Tum
326 982 390 1026 eam
419 963 612 1038 commonuit,
642 961 763 1026 dicens:
796 959 954 1040 Nunquam
989 979 1049 1026 non
1082 980 1255 1042 compareas
1289 964 1321 1024 in

221 1074 350 1137 ecclesia
373 1081 404 1136 et
424 1073 455 1134 in
470 1073 680 1136 communione
693 1072 904 1152 mysteriorum
922 1071 1047 1146 Christi;
1069 1071 1143 1134 haec
1166 1073 1244 1134 enim
1266 1073 1322 1137 tibi
1395 1123 1398 1130 .

222 1185 407 1262 occiderunt,
437 1185 505 1264 quia
526 1185 584 1244 iam
607 1183 739 1263 quinque
759 1181 994 1246 hebdomadibus
1021 1201 1081 1246 non
1110 1185 1262 1248 accessisti
1285 1185 1322 1246 ad

222 1297 398 1358 intemerata
419 1293 530 1356 Christi
553 1294 705 1375 mysteria.
751 1291 796 1358 lta
819 1313 884 1356 enm
907 1312 1038 1374 corpore
1060 1303 1090 1366 et
1111 1295 1209 1356 anima
1231 1312 1322 1357 sana-

222 1415 281 1469 tam
303 1405 446 1468 dimisit.“

309 1516 426 1593 „Porro
449 1515 602 1577 dicebatur
625 1515 794 1594 posteriore
813 1517 890 1578 vitae
912 1533 984 1578 suae
1007 1523 1142 1592 tempore
1164 1515 1322 1577 subterra-

223 1643 313 1688 neum
335 1625 448 1690 fodisse
470 1627 641 1688 cuniculum
659 1627 694 1688 in
708 1627 819 1688 dimidii
842 1627 970 1705 spatium
991 1625 1077 1688 stadii
1099 1635 1129 1688 et
1151 1625 1323 1704 speluncam

221 1735 377 1798 adiecisse.
402 1737 433 1800 Si
455 1737 572 1816 quando
595 1736 687 1817 igitur
709 1737 879 1814 complures
895 1737 923 1798 ei
945 1745 1031 1798 erant
1052 1735 1180 1812 molesti,
1203 1733 1322 1795 occulte

224 1862 242 1906 e
265 1845 339 1908 cella
361 1864 505 1928 egressus
527 1847 597 1908 abiit
631 1847 662 1906 in
685 1847 866 1925 speluncam,
895 1847 946 1924 ita,
978 1855 1011 1908 ut
1033 1863 1120 1906 nemo
1143 1863 1211 1908 eum
1233 1844 1323 1904 inve-

224 1958 312 2018 niret.
357 1957 472 2020 Abiens
494 1975 569 2018 vero
598 1974 654 2035 per
682 1957 852 2018 cuniculum
883 1957 1140 2038 vigintiquatuor
1170 1957 1326 2020 orationes.

224 2067 340 2129 dicebat
362 2085 458 2147 usque
481 2067 518 2128 ad
540 2065 712 2144 speluncam
742 2076 772 2130 et
794 2067 916 2130 rediens
939 2053 1071 2130 totidem.
1117 2066 1162 2129 De
1184 2085 1222 2128 eo
1244 2084 1324 2147 quo-

226 2196 284 2258 que
305 2177 381 2240 fama
403 2179 486 2255 exiit,
508 2177 588 2257 quod
604 2186 753 2240 mortuum
767 2177 930 2255 suscitarit,
951 2186 985 2240 ut
1006 2177 1201 2242 convinceret
1213 2177 1324 2240 baere-

225 2289 328 2365 ticum,
358 2289 408 2367 qui
437 2288 692 2350 resurrectionem
719 2303 880 2364 corporum
911 2303 970 2348 non
993 2286 1197 2365 profitebatur.
1241 2287 1325 2360 Quae

227 2397 348 2478 quidem
369 2397 446 2460 fama
468 2407 608 2459 constans
630 2395 686 2458 luit
709 2397 739 2458 in
758 2396 932 2458 solitudine.
977 2397 1060 2459 Alias
1082 2397 1118 2460 ad
1140 2399 1235 2476 ipsum
1257 2416 1324 2460 ma-

226 2517 274 2572 ter
296 2508 418 2572 adduxit
440 2507 672 2583 adolescentem,
696 2506 748 2585 qni
770 2525 786 2567 a
809 2507 953 2568 daemone
971 2507 1146 2584 vexabatur,
1169 2527 1185 2570 a
1208 2507 1327 2572 duobus

227 2619 465 2683 adolescentibus
501 2618 651 2699 utrimque
688 2617 893 2678 constrictum.
942 2616 1074 2696 Eamque
1105 2617 1135 2676 in
1166 2635 1235 2680 eum
1265 2620 1326 2680 vim

227 2731 353 2792 daemon
371 2729 518 2805 exercuit,
541 2737 574 2791 ut
596 2727 685 2790 trium
707 2726 876 2791 modiorum
899 2745 990 2809 panes
1012 2728 1184 2790 comederet
1206 2737 1236 2790 et
1259 2747 1326 2790 am-

227 2840 339 2919 phorae
352 2839 517 2900 Ciliciensis
539 2855 644 2914 aquam
666 2837 793 2897 biberet.
838 2835 920 2908 Quos
943 2837 1026 2898 cibos
1056 2833 1164 2900 exinde
1186 2847 1326 2902 eructans

228 2950 260 3012 in
286 2965 429 3028 vaporem
459 2948 643 3022 resolvebat,
680 2956 821 3025 tanquam
856 2948 926 3028 igne
962 2959 1221 3016 consumerentur.
1272 2949 1328 3014 Est
1370 2995 1378 3000 -

228 3060 307 3122 enim
330 3059 405 3120 ordo
418 3058 536 3139 quidam
552 3057 739 3134 daemonum,
763 3059 815 3136 qui
837 3058 944 3140 igneus
967 3070 1120 3135 vocatur;¹
1133 3063 1186 3139 qui
1207 3060 1328 3142 quidem

228 3187 290 3230 non
312 3168 453 3246 essentia,
483 3167 546 3246 sed,
577 3175 610 3228 ut
638 3167 669 3228 in
696 3167 865 3230 hominibus
881 3187 1015 3250 ,quoque
1036 3171 1199 3250 invenitur,
1228 3179 1330 3233 mente

229 3281 329 3359 potius
352 3277 503 3345 differunt.
549 3279 609 3341 lste
631 3277 724 3359 igitur
746 3279 932 3360 adolescens,
962 3281 988 3344 si
1017 3288 1151 3344 amatre
1173 3299 1234 3344 non
1257 3283 1330 3344 satis

230 3391 259 3454 ei
281 3391 535 3469 suppeditabatur,
558 3407 646 3470 saepe
668 3391 818 3470 propriam
842 3410 924 3454 suam
947 3391 1053 3454 edebat
1068 3393 1206 3472 corporis
1235 3411 1331 3475 eges-

230 3500 343 3564 tionem
365 3507 395 3562 et
417 3500 523 3562 lotium
540 3501 665 3564 bibebat.
689 3501 792 3564 Flente
808 3511 903 3565 matre
926 3512 957 3566 et
977 3502 1158 3566 lamentante
1173 3513 1330 3568 sanctum-

231 3627 290 3690 que
313 3611 402 3671 enlxe
424 3610 601 3688 obtestante,
624 3612 713 3672 istum
737 3621 857 3676 sanctus
873 3615 991 3694 excepit
1013 3623 1044 3676 et
1064 3615 1190 3694 supplex
1213 3632 1269 3693 pro
1292 3631 1331 3678 eo

230 3720 326 3784 Deum
356 3721 462 3783 oravit.
506 3721 552 3784 Ac
574 3732 640 3802 post
662 3723 737 3786 duos
760 3722 824 3785 dies
847 3724 989 3788 miserum
1013 3725 1139 3790 daemon
1162 3726 1332 3789 cruciatum

231 3831 356 3894 remisit.
402 3831 485 3894 Tunc
507 3833 596 3894 matri
617 3833 697 3896 eius:
719 3833 877 3908 Quantum,
899 3835 1004 3916 inquit,
1034 3835 1091 3913 vie,
1113 3844 1146 3898 ut
1169 3835 1331 3900 comedat?

232 3943 335 4020 Quam,
358 3961 426 4004 cum
448 3943 551 4004 decem
573 3943 665 4006 libras
687 3942 894 4024 significasset,
917 3945 1092 4026 increpavit,
1115 3947 1183 4026 quia
1206 3947 1332 4010 nimium

233 4052 370 4126 dixisset;
394 4063 483 4134 atque
505 4055 614 4116 iterum
636 4071 727 4132 super
751 4053 941 4118 adolescente
963 4067 1103 4136 precatus
1125 4075 1195 4120 cum
1218 4059 1332 4120 ieiunio

233 4174 349 4244 septem
371 4165 496 4244 dierum,
531 4166 705 4226 daemonem
728 4162 872 4244 ingluviei
902 4168 997 4229 abeo
1031 4168 1143 4248 expulit
1172 4178 1203 4232 et
1232 4169 1332 4230 cibum

233 4275 262 4336 ei
285 4276 440 4338 constitnit
462 4277 551 4338 trium
573 4275 716 4338 librarum
739 4293 854 4355 panem,
890 4295 978 4356 quem
1006 4251 1166 4342 comedere
1195 4280 1334 4358 deberet,
