2990 4986
680 369 921 442 ...62-

248 579 280 634 ct
301 569 374 632 nibil
395 569 450 631 tibi
472 551 564 632 loculi
585 575 665 648 sunt,
686 568 727 632 ita
749 584 825 650 ergo
854 576 885 631 et
914 578 957 648 tu,
988 570 1015 632 si
1037 571 1082 633 vis
1104 570 1207 637 salvus
1227 589 1298 636 esse
1318 583 1347 638 ct

249 681 280 744 in
309 689 414 744 sancto
441 679 597 762 proposito
629 679 751 760 placere
781 679 930 743 Salvatori
958 689 1075 760 nostro,
1107 682 1223 745 imitare
1252 683 1347 764 ipsum

249 791 408 854 Dominum
430 790 675 870 salvatoremque
702 796 851 870 nostrum,
882 791 961 854 sicut
989 789 1062 852 dicit
1089 791 1196 856 beatus
1217 793 1347 858 loannes

250 903 403 983 apostolus
426 911 456 964 et
477 901 679 983 evangelista:
702 902 760 975 Qui
781 901 863 980 dicit,
886 917 920 964 se
941 901 974 962 in
995 900 1114 966 Christo
1136 919 1269 982 manere,
1291 905 1347 968 de-

251 1015 312 1094 bet,
334 1012 581 1095 quemadmodum
602 1011 653 1076 ille
675 1011 845 1089 ambulavit,
868 1018 899 1072 et
921 1010 985 1090 ipse
1008 1011 1168 1074 ambulare.
1213 1013 1297 1076 Unde
1318 1024 1347 1078 ct

251 1127 282 1188 in
304 1123 461 1206 evangelio
477 1122 597 1203 quidem
618 1122 757 1204 legimus,
780 1122 919 1202 quoniam
940 1122 998 1202 ipsi
1018 1123 1207 1202 perfidissimi
1227 1135 1347 1189 nostrae

250 1237 320 1300 fidei
342 1235 449 1298 aemuli
471 1234 578 1297 Judaei
597 1233 705 1296 multas
726 1232 860 1312 iniurias,
893 1231 1057 1314 instigante
1085 1235 1205 1296 hnmani
1225 1236 1347 1318 generis

250 1348 336 1410 hoste
356 1347 486 1425 diabolo,
506 1346 538 1408 in
548 1346 708 1408 Dominum
730 1353 868 1410 nostrum
878 1344 982 1408 lesum
998 1343 1149 1408 Christum
1164 1345 1346 1412 Salvatorcm

251 1459 404 1524 dixerunt:
439 1458 655 1523 samaritanum
691 1475 760 1522 esse
793 1465 824 1520 et
853 1458 1041 1521 daemonium
1067 1457 1225 1522 habentem
1252 1465 1284 1522 et
1314 1459 1344 1522 iu

248 1571 419 1634 Beelzebub
441 1570 577 1650 principe
598 1569 823 1632 daemoniorum
845 1569 1014 1632 elicientem
1033 1569 1204 1645 daemonia3
1226 1589 1294 1632 nam
1315 1577 1347 1633 et

248 1681 441 1744 seductorem
459 1693 529 1742 eum
544 1679 609 1741 ausi
629 1686 699 1742 sunt
721 1678 834 1757 dioere,
856 1685 887 1741 et
907 1677 981 1740 baec
1000 1680 1099 1743 omnia
1114 1681 1262 1760 patienter
1282 1681 1346 1760 ipsa

248 1792 315 1873 pius
344 1792 487 1854 Dominus
515 1798 621 1854 noster
650 1789 741 1853 Jesus
770 1789 906 1853 cbristus
936 1789 1012 1852 caeli
1048 1798 1148 1854 terrae
1181 1799 1212 1854 et
1244 1791 1346 1870 maris,

248 1903 379 1968 omnium
397 1919 517 1982 quoque
539 1919 655 1980 eorum,
677 1901 808 1981 quaein
830 1900 876 1964 eis
897 1910 976 1980 sunt,
999 1909 1120 1965 creator
1141 1902 1293 1982 sustinuit,
1314 1911 1348 1965 ut

247 2014 335 2078 nobis
357 2013 516 2093 patientiae
537 2029 620 2089 suae,
649 2011 778 2074 lenitatis
807 2019 838 2075 et
866 2011 1038 2076 humilitatis
1059 2013 1220 2092 praeberet
1240 2031 1347 2076 enem-

247 2125 340 2206 plum.
383 2121 457 2184 Nam
483 2123 510 2184 si
537 2120 684 2183 voluisset
710 2121 874 2200 potentiam
906 2139 979 2184 suae
1001 2122 1347 2195 maiestatis.osteudere

249 2243 280 2298 ct
300 2233 425 2296 iniurias
446 2231 612 2310 vindicare,
635 2249 754 2293 omnem
776 2232 877 2295 subito
899 2233 1042 2296 mundum
1074 2235 1104 2298 in
1135 2234 1226 2298 chaos
1248 2235 1347 2298 dadu-

249 2353 344 2423 ceret,
366 2353 397 2408 et
418 2361 477 2406 nec
498 2361 595 2425 genus
614 2342 776 2422 bominum,
797 2359 854 2406 uec
876 2344 940 2423 ipse
951 2345 1056 2407 saltem
1079 2353 1236 2424 appareret
1258 2363 1349 2407 mun-

248 2455 316 2532 dus,
349 2455 459 2518 sedin
487 2463 639 2518 momento
669 2454 767 2517 omnia
795 2454 962 2518 interirent.
1007 2454 1223 2518 Verumtamen
1253 2455 1349 2519 noluit

246 2567 322 2630 baec
350 2567 451 2629 facere
479 2565 688 2628 inenarrabilis
711 2565 822 2628 Gbristi
843 2565 962 2628 Domini
991 2565 1086 2645 pietas
1116 2565 1268 2642 bonitatis,
1298 2566 1350 2646 qui

246 2697 308 2742 non
329 2679 366 2740 ad
389 2677 583 2759 puniendum,
606 2678 659 2740 sed
689 2676 726 2740 ad
748 2677 923 2741 salvandum
945 2687 1071 2742 venerat
1092 2678 1243 2740 mundum.
1277 2677 1349 2739 ldeo

247 2789 325 2852 enim
347 2790 497 2868 patienter
519 2788 618 2850 omnia
640 2787 792 2866 sustinuit,
815 2795 849 2850 ut
870 2787 957 2851 nobis
980 2787 1116 2868 exempla
1138 2790 1297 2870 patientiae
1318 2795 1350 2851 et

248 2899 421 2962 humilitatis
443 2899 627 2964 ostenderet.
655 2897 740 2960 Unde
761 2905 791 2961 et
812 2897 1007 2978 sequentibus
1028 2913 1063 2962 se
1084 2895 1237 2979 discipulis
1259 2897 1349 2960 dixit:

158 3085 162 3092 Ι
246 3007 360 3071 Discite
382 3024 397 3069 o
419 3025 479 3086 me,
509 3007 577 3088 quia
607 3007 686 3070 mitis
716 3025 783 3070 sum
805 3014 836 3070 et
856 3005 975 3070 bumilis
997 3005 1101 3087 corde,
1130 3017 1161 3072 et
1189 3008 1350 3072 invenietis

249 3119 386 3198 requiem
408 3118 560 3180 animabus
594 3119 714 3184 vestris.
765 3117 824 3182 Sed
853 3125 883 3179 et
912 3135 1017 3182 omnes
1046 3137 1063 3180 a
1091 3119 1211 3183 saeculo
1242 3116 1350 3195 sancti,

248 3237 308 3292 tam
331 3229 493 3308 prophetae
516 3247 605 3308 quam
627 3228 764 3309 apostoli,
787 3229 957 3308 opprobriis
975 3237 1006 3292 et
1026 3229 1144 3292 iniuriis
1166 3247 1200 3291 ac
1219 3229 1351 3292 diversis

247 3337 349 3402 afflicti
369 3341 528 3403 tormentis
542 3357 660 3420 semper
682 3339 864 3402 immobilem
887 3340 1032 3402 virtutem
1053 3341 1213 3419 patientiae
1235 3349 1267 3402 et
1288 3341 1351 3402 bu-

177 3489 179 3494 ·
246 3451 378 3514 militatis
395 3458 567 3528 tenuerunt,
590 3459 620 3512 ct
631 3465 819 3530 nequaquam
829 3449 965 3512 humanis
977 3449 1115 3512 laudibus
1127 3458 1197 3514 aunt
1219 3449 1350 3529 decepti.

245 3561 431 3640 Respuentcs
453 3575 580 3639 namque
602 3555 698 3620 inanis
721 3558 836 3638 gloriae
863 3559 1032 3637 praesentis
1061 3561 1140 3622 vitae
1169 3575 1263 3622 vanos
1292 3575 1351 3622 ru·

246 3685 347 3734 moros
368 3670 447 3732 illam
470 3669 564 3733 solam
579 3670 739 3732 caelestem
755 3677 966 3749 aeternamque
977 3669 1106 3751 gloriam
1121 3671 1351 3750 concupiscunt,

245 3781 297 3862 qui
320 3779 439 3844 Christo
462 3780 582 3860 placere
604 3779 786 3857 desiderant,
820 3794 897 3858 quae
926 3796 965 3842 ex
986 3779 1050 3842 Deo
1073 3787 1172 3844 estet
1194 3791 1353 3860 permanet
1474 3785 1475 3800 ¹

242 3893 276 3958 in
298 3901 469 3969 aeternum3
500 3890 586 3952 cuius
617 3889 759 3954 claritatis
781 3889 972 3970 splendorem
994 3889 1075 3952 nulla
1096 3889 1226 3955 humana
1246 3892 1353 3974 lingua
1474 3931 1475 3958 r

244 4011 342 4084 potest
364 4013 528 4084 exponere.
573 3999 654 4062 llaec
683 4017 759 4083 ergo
781 4000 917 4081 exempla
939 4000 1097 4080 patientiae
1127 4007 1158 4064 et
1179 3989 1353 4066 humilitatis

245 4107 451 4193 considerans,
480 4108 581 4190 liliole,
611 4111 637 4174 si
664 4109 783 4192 qnando
810 4111 965 4194 irrogatae
991 4111 1045 4176 tibi
1072 4109 1184 4176 luerint
1211 4113 1354 4192 iniuriae,
1474 4097 1475 4112 ¹

244 4225 409 4289 fortissime
431 4224 575 4288 virtutem
603 4224 762 4304 patientiae
791 4232 822 4286 et
850 4223 1024 4288 humilitatis
1061 4224 1198 4304 custodi,
1230 4226 1354 4290 imitans
1474 4213 1475 4278 ἒ

244 4337 429 4419 prophetam,
453 4333 614 4414 quidixit:
638 4334 704 4416 Ego
727 4343 827 4398 autem
850 4343 987 4416 tanquam
1010 4336 1122 4400 surdus
1152 4353 1214 4399 non
1243 4337 1356 4400 audie*
1474 4315 1475 4326 ¹
