<?xml version="1.0" encoding="UTF-8"?>
<!DOCTYPE html PUBLIC "-//W3C//DTD XHTML 1.0 Transitional//EN"
    "http://www.w3.org/TR/xhtml1/DTD/xhtml1-transitional.dtd">
<html xmlns="http://www.w3.org/1999/xhtml" xml:lang="en" lang="en">
 <head>
  <title>
</title>
<meta http-equiv="Content-Type" content="text/html;charset=utf-8" />
  <meta name='ocr-system' content='tesseract 3.04.00' />
  <meta name='ocr-capabilities' content='ocr_page ocr_carea ocr_par ocr_line ocrx_word'/>
</head>
<body>
  <div class='ocr_page' id='page_1' title='image "./macariiaegyptii00macagoog_0074.png"; bbox 0 0 2990 4986; ppageno 0'>
   <div class='ocr_carea' id='block_1_1' title="bbox 583 447 960 564">
    <p class='ocr_par' dir='ltr' id='par_1_1' title="bbox 583 447 960 564">
     <span class='ocr_line' id='line_1_1' title="bbox 583 447 960 564; baseline -0.003 -42"><span class='ocrx_word' id='word_1_1' title='bbox 583 447 960 564; x_wconf 76' lang='grc' dir='ltr'>--59---Ι</span> 
     </span>
    </p>
   </div>
   <div class='ocr_carea' id='block_1_2' title="bbox 154 643 1333 2170">
    <p class='ocr_par' dir='ltr' id='par_1_2' title="bbox 154 643 1333 2170">
     <span class='ocr_line' id='line_1_2' title="bbox 155 643 1254 733; baseline 0.004 -21"><span class='ocrx_word' id='word_1_2' title='bbox 155 648 221 712; x_wconf 88' lang='lat' dir='ltr'>cius</span> <span class='ocrx_word' id='word_1_3' title='bbox 235 645 276 730; x_wconf 80' lang='lat'>¹),</span> <span class='ocrx_word' id='word_1_4' title='bbox 290 647 327 712; x_wconf 94' lang='lat' dir='ltr'>de</span> <span class='ocrx_word' id='word_1_5' title='bbox 341 647 450 712; x_wconf 87' lang='lat' dir='ltr'>Nessel</span> <span class='ocrx_word' id='word_1_6' title='bbox 461 643 507 729; x_wconf 82' lang='lat'>²),</span> <span class='ocrx_word' id='word_1_7' title='bbox 522 647 633 710; x_wconf 90' lang='lat' dir='ltr'>Pritius</span> <span class='ocrx_word' id='word_1_8' title='bbox 649 644 692 729; x_wconf 75' lang='grc'>8).</span> <span class='ocrx_word' id='word_1_9' title='bbox 715 647 774 710; x_wconf 89' lang='lat' dir='ltr'>Sed</span> <span class='ocrx_word' id='word_1_10' title='bbox 786 665 856 710; x_wconf 88' lang='lat' dir='ltr'>num</span> <span class='ocrx_word' id='word_1_11' title='bbox 863 655 949 710; x_wconf 85' lang='lat' dir='ltr'>reate</span> <span class='ocrx_word' id='word_1_12' title='bbox 962 648 1254 733; x_wconf 83' lang='lat' dir='ltr'>omninorenserint,</span> 
     </span>
     <span class='ocr_line' id='line_1_3' title="bbox 157 758 1255 842; baseline 0.002 -18"><span class='ocrx_word' id='word_1_13' title='bbox 157 759 287 842; x_wconf 79' lang='lat' dir='ltr'><strong>ambigo.</strong></span> <span class='ocrx_word' id='word_1_14' title='bbox 325 760 385 822; x_wconf 88' lang='lat' dir='ltr'>Vix</span> <span class='ocrx_word' id='word_1_15' title='bbox 406 759 486 822; x_wconf 83' lang='lat' dir='ltr'>onim</span> <span class='ocrx_word' id='word_1_16' title='bbox 509 758 629 820; x_wconf 91' lang='lat' dir='ltr'>dubium</span> <span class='ocrx_word' id='word_1_17' title='bbox 653 759 873 839; x_wconf 72' lang='lat' dir='ltr'>emendetur,</span> <span class='ocrx_word' id='word_1_18' title='bbox 896 760 968 840; x_wconf 85' lang='lat' dir='ltr'>quin</span> <span class='ocrx_word' id='word_1_19' title='bbox 982 760 1130 825; x_wconf 90' lang='lat' dir='ltr'>Palladius</span> <span class='ocrx_word' id='word_1_20' title='bbox 1152 762 1255 841; x_wconf 81' lang='lat' dir='ltr'>dicere</span> 
     </span>
     <span class='ocr_line' id='line_1_4' title="bbox 156 869 1255 952; baseline 0.003 -20"><span class='ocrx_word' id='word_1_21' title='bbox 156 869 299 949; x_wconf 89' lang='lat' dir='ltr'>voluerit,</span> <span class='ocrx_word' id='word_1_22' title='bbox 331 869 492 933; x_wconf 74' lang='lat' dir='ltr'>Munatium</span> <span class='ocrx_word' id='word_1_23' title='bbox 514 869 698 950; x_wconf 81' lang='lat' dir='ltr'>Aegyptium</span> <span class='ocrx_word' id='word_1_24' title='bbox 719 886 801 930; x_wconf 87' lang='lat' dir='ltr'>annu</span> <span class='ocrx_word' id='word_1_25' title='bbox 822 875 989 952; x_wconf 72' lang='lat' dir='ltr'><strong><em>antequam</em></strong></span> <span class='ocrx_word' id='word_1_26' title='bbox 1009 869 1079 950; x_wconf 79' lang='lat' dir='ltr'>ipse</span> <span class='ocrx_word' id='word_1_27' title='bbox 1100 869 1177 936; x_wconf 81' lang='lat' dir='ltr'>illae</span> <span class='ocrx_word' id='word_1_28' title='bbox 1197 889 1255 935; x_wconf 80' lang='lat' dir='ltr'>re-</span> 
     </span>
     <span class='ocr_line' id='line_1_5' title="bbox 154 977 1255 1060; baseline 0.006 -20"><span class='ocrx_word' id='word_1_29' title='bbox 154 978 264 1060; x_wconf 73' lang='lat' dir='ltr'>giones</span> <span class='ocrx_word' id='word_1_30' title='bbox 286 977 474 1058; x_wconf 76' lang='lat' dir='ltr'>decesserit,</span> <span class='ocrx_word' id='word_1_31' title='bbox 503 979 624 1046; x_wconf 87' lang='lat' dir='ltr'>obiisse.</span> <span class='ocrx_word' id='word_1_32' title='bbox 668 978 770 1060; x_wconf 85' lang='lat' dir='ltr'>Atque</span> <span class='ocrx_word' id='word_1_33' title='bbox 799 999 886 1045; x_wconf 88' lang='lat' dir='ltr'>mons</span> <span class='ocrx_word' id='word_1_34' title='bbox 907 981 1021 1044; x_wconf 77' lang='lat' dir='ltr'>Nitriae</span> <span class='ocrx_word' id='word_1_35' title='bbox 1042 981 1123 1045; x_wconf 87' lang='lat' dir='ltr'>Sceti</span> <span class='ocrx_word' id='word_1_36' title='bbox 1145 985 1255 1048; x_wconf 91' lang='lat' dir='ltr'>solitu-</span> 
     </span>
     <span class='ocr_line' id='line_1_6' title="bbox 156 1087 1256 1172; baseline 0.005 -20"><span class='ocrx_word' id='word_1_37' title='bbox 156 1091 220 1154; x_wconf 90' lang='lat' dir='ltr'>dini</span> <span class='ocrx_word' id='word_1_38' title='bbox 240 1090 437 1170; x_wconf 87' lang='lat' dir='ltr'>propinquior</span> <span class='ocrx_word' id='word_1_39' title='bbox 465 1088 530 1166; x_wconf 83' lang='lat' dir='ltr'>fuit,</span> <span class='ocrx_word' id='word_1_40' title='bbox 559 1107 647 1170; x_wconf 90' lang='lat' dir='ltr'>quam</span> <span class='ocrx_word' id='word_1_41' title='bbox 670 1087 863 1172; x_wconf 75' lang='lat' dir='ltr'>Cellulae⁴];</span> <span class='ocrx_word' id='word_1_42' title='bbox 894 1110 1003 1172; x_wconf 83' lang='lat' dir='ltr'>neque,</span> <span class='ocrx_word' id='word_1_43' title='bbox 1033 1110 1088 1157; x_wconf 86' lang='lat' dir='ltr'>our</span> <span class='ocrx_word' id='word_1_44' title='bbox 1109 1094 1256 1158; x_wconf 89' lang='lat' dir='ltr'>Palladius</span> 
     </span>
     <span class='ocr_line' id='line_1_7' title="bbox 157 1201 1257 1282; baseline 0.004 -18"><span class='ocrx_word' id='word_1_45' title='bbox 157 1221 268 1266; x_wconf 92' lang='lat' dir='ltr'>annum</span> <span class='ocrx_word' id='word_1_46' title='bbox 290 1203 395 1266; x_wconf 89' lang='lat' dir='ltr'>mortis</span> <span class='ocrx_word' id='word_1_47' title='bbox 409 1201 531 1264; x_wconf 85' lang='lat' dir='ltr'>Macarii</span> <span class='ocrx_word' id='word_1_48' title='bbox 554 1220 570 1264; x_wconf 89' lang='lat' dir='ltr'>a</span> <span class='ocrx_word' id='word_1_49' title='bbox 593 1210 729 1282; x_wconf 85' lang='lat' dir='ltr'>ternpore</span> <span class='ocrx_word' id='word_1_50' title='bbox 744 1203 891 1266; x_wconf 89' lang='lat' dir='ltr'>adventus</span> <span class='ocrx_word' id='word_1_51' title='bbox 912 1203 959 1266; x_wconf 91' lang='lat' dir='ltr'>sui</span> <span class='ocrx_word' id='word_1_52' title='bbox 981 1204 1012 1266; x_wconf 89' lang='lat' dir='ltr'>in</span> <span class='ocrx_word' id='word_1_53' title='bbox 1036 1204 1157 1268; x_wconf 85' lang='lat' dir='ltr'>Cellulis</span> <span class='ocrx_word' id='word_1_54' title='bbox 1179 1205 1257 1268; x_wconf 88' lang='lat' dir='ltr'>deli·</span> 
     </span>
     <span class='ocr_line' id='line_1_8' title="bbox 157 1311 1257 1394; baseline 0.005 -20"><span class='ocrx_word' id='word_1_55' title='bbox 157 1313 258 1392; x_wconf 85' lang='lat' dir='ltr'>nierit,</span> <span class='ocrx_word' id='word_1_56' title='bbox 281 1312 466 1394; x_wconf 68' lang='lat' dir='ltr'>intelligitur.</span> <span class='ocrx_word' id='word_1_57' title='bbox 511 1311 649 1392; x_wconf 78' lang='lat' dir='ltr'>Accedit,</span> <span class='ocrx_word' id='word_1_58' title='bbox 672 1312 753 1393; x_wconf 86' lang='lat' dir='ltr'>quod</span> <span class='ocrx_word' id='word_1_59' title='bbox 775 1313 923 1376; x_wconf 87' lang='lat' dir='ltr'>Palladius</span> <span class='ocrx_word' id='word_1_60' title='bbox 944 1315 1025 1378; x_wconf 90' lang='lat' dir='ltr'>inter</span> <span class='ocrx_word' id='word_1_61' title='bbox 1047 1326 1178 1382; x_wconf 89' lang='lat' dir='ltr'>montem</span> <span class='ocrx_word' id='word_1_62' title='bbox 1200 1316 1257 1380; x_wconf 88' lang='lat' dir='ltr'>Ni-</span> 
     </span>
     <span class='ocr_line' id='line_1_9' title="bbox 156 1421 1256 1505; baseline 0 -17"><span class='ocrx_word' id='word_1_63' title='bbox 156 1423 232 1488; x_wconf 82' lang='lat' dir='ltr'>triae</span> <span class='ocrx_word' id='word_1_64' title='bbox 261 1431 291 1486; x_wconf 90' lang='lat' dir='ltr'>et</span> <span class='ocrx_word' id='word_1_65' title='bbox 325 1421 471 1484; x_wconf 83' lang='lat' dir='ltr'>intimam</span> <span class='ocrx_word' id='word_1_66' title='bbox 505 1423 696 1488; x_wconf 88' lang='lat' dir='ltr'>solitudinem</span> <span class='ocrx_word' id='word_1_67' title='bbox 729 1422 901 1505; x_wconf 84' lang='lat' dir='ltr'>distinguit,</span> <span class='ocrx_word' id='word_1_68' title='bbox 938 1437 1032 1505; x_wconf 87' lang='lat' dir='ltr'>quare</span> <span class='ocrx_word' id='word_1_69' title='bbox 1063 1425 1193 1488; x_wconf 87' lang='lat' dir='ltr'>adventu</span> <span class='ocrx_word' id='word_1_70' title='bbox 1225 1426 1256 1488; x_wconf 93' lang='lat' dir='ltr'>in</span> 
     </span>
     <span class='ocr_line' id='line_1_10' title="bbox 155 1532 1257 1616; baseline 0.003 -17"><span class='ocrx_word' id='word_1_71' title='bbox 155 1533 317 1599; x_wconf 86' lang='lat' dir='ltr'>solitudine</span> <span class='ocrx_word' id='word_1_72' title='bbox 350 1533 511 1598; x_wconf 90' lang='lat' dir='ltr'>adventum</span> <span class='ocrx_word' id='word_1_73' title='bbox 541 1533 572 1596; x_wconf 91' lang='lat' dir='ltr'>in</span> <span class='ocrx_word' id='word_1_74' title='bbox 593 1532 690 1596; x_wconf 89' lang='lat' dir='ltr'>Nitria</span> <span class='ocrx_word' id='word_1_75' title='bbox 718 1533 882 1616; x_wconf 81' lang='lat' dir='ltr'>significari</span> <span class='ocrx_word' id='word_1_76' title='bbox 915 1535 1070 1614; x_wconf 83' lang='lat' dir='ltr'>probabile</span> <span class='ocrx_word' id='word_1_77' title='bbox 1093 1547 1148 1604; x_wconf 84' lang='lat' dir='ltr'>est.</span> <span class='ocrx_word' id='word_1_78' title='bbox 1191 1536 1257 1602; x_wconf 85' lang='lat' dir='ltr'>Neo</span> 
     </span>
     <span class='ocr_line' id='line_1_11' title="bbox 158 1643 1256 1729; baseline 0.005 -21"><span class='ocrx_word' id='word_1_79' title='bbox 158 1644 321 1708; x_wconf 87' lang='lat' dir='ltr'>Palladium</span> <span class='ocrx_word' id='word_1_80' title='bbox 339 1644 443 1706; x_wconf 85' lang='lat' dir='ltr'>dicere</span> <span class='ocrx_word' id='word_1_81' title='bbox 465 1643 609 1722; x_wconf 87' lang='lat' dir='ltr'>voluisse,</span> <span class='ocrx_word' id='word_1_82' title='bbox 631 1643 795 1710; x_wconf 77' lang='lat' dir='ltr'>linearium</span> <span class='ocrx_word' id='word_1_83' title='bbox 805 1643 987 1727; x_wconf 81' lang='lat' dir='ltr'>Aegyptium</span> <span class='ocrx_word' id='word_1_84' title='bbox 1001 1663 1079 1711; x_wconf 89' lang='lat' dir='ltr'>anno</span> <span class='ocrx_word' id='word_1_85' title='bbox 1097 1655 1256 1729; x_wconf 85' lang='lat' dir='ltr'>antequam</span> 
     </span>
     <span class='ocr_line' id='line_1_12' title="bbox 158 1749 1256 1839; baseline 0.004 -21"><span class='ocrx_word' id='word_1_86' title='bbox 158 1755 224 1835; x_wconf 89' lang='lat' dir='ltr'>ipse</span> <span class='ocrx_word' id='word_1_87' title='bbox 246 1755 277 1816; x_wconf 92' lang='lat' dir='ltr'>in</span> <span class='ocrx_word' id='word_1_88' title='bbox 297 1750 503 1820; x_wconf 76' lang='lat' dir='ltr'>solitudinem</span> <span class='ocrx_word' id='word_1_89' title='bbox 524 1749 634 1816; x_wconf 76' lang='lat' dir='ltr'>Suetie</span> <span class='ocrx_word' id='word_1_90' title='bbox 657 1756 777 1820; x_wconf 90' lang='lat' dir='ltr'>venerit</span> <span class='ocrx_word' id='word_1_91' title='bbox 795 1753 884 1839; x_wconf 80' lang='lat' dir='ltr'>[num</span> <span class='ocrx_word' id='word_1_92' title='bbox 895 1757 1042 1820; x_wconf 88' lang='lat' dir='ltr'>Palladius</span> <span class='ocrx_word' id='word_1_93' title='bbox 1064 1758 1256 1823; x_wconf 88' lang='lat' dir='ltr'>solitudinem</span> 
     </span>
     <span class='ocr_line' id='line_1_13' title="bbox 159 1864 1257 1950; baseline 0 -18"><span class='ocrx_word' id='word_1_94' title='bbox 159 1865 315 1932; x_wconf 87' lang='lat' dir='ltr'>Seetisbis</span> <span class='ocrx_word' id='word_1_95' title='bbox 336 1864 473 1950; x_wconf 84' lang='lat' dir='ltr'>invisit),</span> <span class='ocrx_word' id='word_1_96' title='bbox 495 1866 618 1945; x_wconf 85' lang='lat' dir='ltr'>obiisse,</span> <span class='ocrx_word' id='word_1_97' title='bbox 641 1865 728 1931; x_wconf 88' lang='lat' dir='ltr'>facile</span> <span class='ocrx_word' id='word_1_98' title='bbox 750 1867 872 1942; x_wconf 87' lang='lat' dir='ltr'>eredes;</span> <span class='ocrx_word' id='word_1_99' title='bbox 894 1867 926 1930; x_wconf 89' lang='lat' dir='ltr'>id</span> <span class='ocrx_word' id='word_1_100' title='bbox 937 1869 1017 1932; x_wconf 89' lang='lat' dir='ltr'>enim</span> <span class='ocrx_word' id='word_1_101' title='bbox 1038 1868 1160 1934; x_wconf 89' lang='lat' dir='ltr'>Palladii</span> <span class='ocrx_word' id='word_1_102' title='bbox 1181 1887 1257 1932; x_wconf 85' lang='lat' dir='ltr'>ver·</span> 
     </span>
     <span class='ocr_line' id='line_1_14' title="bbox 158 1979 1333 2069; baseline -0.005 -27"><span class='ocrx_word' id='word_1_103' title='bbox 158 1979 206 2042; x_wconf 86' lang='lat' dir='ltr'>bis</span> <span class='ocrx_word' id='word_1_104' title='bbox 227 1995 289 2041; x_wconf 92' lang='lat' dir='ltr'>non</span> <span class='ocrx_word' id='word_1_105' title='bbox 310 1979 399 2041; x_wconf 83' lang='lat' dir='ltr'>inest.</span> <span class='ocrx_word' id='word_1_106' title='bbox 1327 2059 1333 2069; x_wconf 89' lang='lat'>.</span> 
     </span>
     <span class='ocr_line' id='line_1_15' title="bbox 244 2087 1256 2170; baseline 0 -20"><span class='ocrx_word' id='word_1_107' title='bbox 244 2088 329 2151; x_wconf 92' lang='lat' dir='ltr'>Unde</span> <span class='ocrx_word' id='word_1_108' title='bbox 354 2089 536 2170; x_wconf 88' lang='lat' dir='ltr'>probabilior</span> <span class='ocrx_word' id='word_1_109' title='bbox 569 2087 718 2154; x_wconf 87' lang='lat' dir='ltr'>sententia</span> <span class='ocrx_word' id='word_1_110' title='bbox 744 2087 819 2152; x_wconf 87' lang='lat' dir='ltr'>haee</span> <span class='ocrx_word' id='word_1_111' title='bbox 840 2107 910 2155; x_wconf 87' lang='lat' dir='ltr'>esso</span> <span class='ocrx_word' id='word_1_112' title='bbox 931 2089 1061 2168; x_wconf 83' lang='lat' dir='ltr'>videtur,</span> <span class='ocrx_word' id='word_1_113' title='bbox 1094 2087 1256 2150; x_wconf 85' lang='lat' dir='ltr'>blacarium</span> 
     </span>
    </p>
   </div>
   <div class='ocr_carea' id='block_1_3' title="bbox 154 2199 1352 2282">
    <p class='ocr_par' dir='ltr' id='par_1_3' title="bbox 154 2199 1352 2282">
     <span class='ocr_line' id='line_1_16' title="bbox 154 2199 1352 2282; baseline 0 -18"><span class='ocrx_word' id='word_1_114' title='bbox 154 2199 338 2282; x_wconf 79' lang='lat' dir='ltr'>Aegyptium</span> <span class='ocrx_word' id='word_1_115' title='bbox 361 2219 440 2264; x_wconf 87' lang='lat' dir='ltr'>anno</span> <span class='ocrx_word' id='word_1_116' title='bbox 464 2211 622 2282; x_wconf 86' lang='lat' dir='ltr'>antequam</span> <span class='ocrx_word' id='word_1_117' title='bbox 648 2201 796 2266; x_wconf 83' lang='lat' dir='ltr'>Palladius</span> <span class='ocrx_word' id='word_1_118' title='bbox 818 2203 849 2266; x_wconf 90' lang='lat' dir='ltr'>in</span> <span class='ocrx_word' id='word_1_119' title='bbox 871 2211 1004 2266; x_wconf 90' lang='lat' dir='ltr'>montem</span> <span class='ocrx_word' id='word_1_120' title='bbox 1024 2200 1140 2264; x_wconf 87' lang='lat' dir='ltr'>Nitriae</span> <span class='ocrx_word' id='word_1_121' title='bbox 1161 2199 1257 2279; x_wconf 84' lang='lat' dir='ltr'>venit,</span> <span class='ocrx_word' id='word_1_122' title='bbox 1351 2229 1352 2232; x_wconf 38' lang='lat'>¹</span> 
     </span>
    </p>
   </div>
   <div class='ocr_carea' id='block_1_4' title="bbox 154 2307 1305 3730">
    <p class='ocr_par' dir='ltr' id='par_1_4' title="bbox 154 2307 1305 2833">
     <span class='ocr_line' id='line_1_17' title="bbox 154 2307 1257 2396; baseline 0.002 -23"><span class='ocrx_word' id='word_1_123' title='bbox 154 2313 176 2373; x_wconf 91' lang='lat' dir='ltr'>i.</span> <span class='ocrx_word' id='word_1_124' title='bbox 198 2329 228 2378; x_wconf 86' lang='lat' dir='ltr'>e.</span> <span class='ocrx_word' id='word_1_125' title='bbox 251 2329 327 2374; x_wconf 90' lang='lat' dir='ltr'>anno</span> <span class='ocrx_word' id='word_1_126' title='bbox 350 2310 415 2374; x_wconf 89' lang='grc'>390</span> <span class='ocrx_word' id='word_1_127' title='bbox 431 2309 462 2394; x_wconf 82' lang='lat'>⁵)</span> <span class='ocrx_word' id='word_1_128' title='bbox 485 2331 589 2376; x_wconf 88' lang='lat' dir='ltr'>mense</span> <span class='ocrx_word' id='word_1_129' title='bbox 610 2312 764 2390; x_wconf 75' lang='lat' dir='ltr'>ianuario,</span> <span class='ocrx_word' id='word_1_130' title='bbox 786 2321 820 2376; x_wconf 91' lang='lat' dir='ltr'>ut</span> <span class='ocrx_word' id='word_1_131' title='bbox 841 2314 1058 2396; x_wconf 81' lang='lat' dir='ltr'>Martyrologin</span> <span class='ocrx_word' id='word_1_132' title='bbox 1078 2307 1257 2394; x_wconf 79' lang='lat' dir='ltr'>tradunt⁶)‚</span> 
     </span>
     <span class='ocr_line' id='line_1_18' title="bbox 156 2423 1305 2490; baseline 0.002 -6"><span class='ocrx_word' id='word_1_133' title='bbox 156 2431 306 2485; x_wconf 90' lang='lat' dir='ltr'>mortuum</span> <span class='ocrx_word' id='word_1_134' title='bbox 328 2440 405 2486; x_wconf 86' lang='lat' dir='ltr'>esse.</span> <span class='ocrx_word' id='word_1_135' title='bbox 451 2423 536 2486; x_wconf 91' lang='lat' dir='ltr'>Unde</span> <span class='ocrx_word' id='word_1_136' title='bbox 565 2433 652 2488; x_wconf 91' lang='lat' dir='ltr'>natus</span> <span class='ocrx_word' id='word_1_137' title='bbox 682 2433 729 2490; x_wconf 86' lang='lat' dir='ltr'>est</span> <span class='ocrx_word' id='word_1_138' title='bbox 757 2444 835 2490; x_wconf 89' lang='lat' dir='ltr'>anno</span> <span class='ocrx_word' id='word_1_139' title='bbox 863 2425 933 2488; x_wconf 83' lang='lat' dir='ltr'>Chr.</span> <span class='ocrx_word' id='word_1_140' title='bbox 963 2423 1027 2486; x_wconf 90' lang='grc'>300</span> <span class='ocrx_word' id='word_1_141' title='bbox 1059 2433 1090 2486; x_wconf 89' lang='lat' dir='ltr'>et</span> <span class='ocrx_word' id='word_1_142' title='bbox 1119 2441 1256 2487; x_wconf 89' lang='lat' dir='ltr'>eremum</span> <span class='ocrx_word' id='word_1_143' title='bbox 1293 2444 1305 2456; x_wconf 84' lang='lat'><em>·</em></span> 
     </span>
     <span class='ocr_line' id='line_1_19' title="bbox 155 2532 1257 2616; baseline 0.002 -22"><span class='ocrx_word' id='word_1_144' title='bbox 155 2532 279 2598; x_wconf 86' lang='lat' dir='ltr'>intravit</span> <span class='ocrx_word' id='word_1_145' title='bbox 301 2553 378 2598; x_wconf 89' lang='lat' dir='ltr'>anno</span> <span class='ocrx_word' id='word_1_146' title='bbox 408 2534 477 2597; x_wconf 82' lang='lat' dir='ltr'>Chr.</span> <span class='ocrx_word' id='word_1_147' title='bbox 509 2533 583 2598; x_wconf 88' lang='grc'><strong>330.</strong></span> <span class='ocrx_word' id='word_1_148' title='bbox 627 2536 702 2598; x_wconf 87' lang='lat' dir='ltr'>Nem</span> <span class='ocrx_word' id='word_1_149' title='bbox 732 2537 764 2598; x_wconf 89' lang='lat' dir='ltr'>in</span> <span class='ocrx_word' id='word_1_150' title='bbox 793 2535 985 2600; x_wconf 87' lang='lat' dir='ltr'>solitudinem</span> <span class='ocrx_word' id='word_1_151' title='bbox 1018 2533 1101 2596; x_wconf 88' lang='lat' dir='ltr'>venit</span> <span class='ocrx_word' id='word_1_152' title='bbox 1133 2534 1257 2616; x_wconf 86' lang='lat' dir='ltr'>triginta</span> 
     </span>
     <span class='ocr_line' id='line_1_20' title="bbox 157 2644 1256 2727; baseline 0.002 -23"><span class='ocrx_word' id='word_1_153' title='bbox 157 2661 253 2707; x_wconf 88' lang='lat' dir='ltr'>annos</span> <span class='ocrx_word' id='word_1_154' title='bbox 273 2655 373 2725; x_wconf 85' lang='lat' dir='ltr'>natus,</span> <span class='ocrx_word' id='word_1_155' title='bbox 401 2646 433 2706; x_wconf 88' lang='lat' dir='ltr'>in</span> <span class='ocrx_word' id='word_1_156' title='bbox 454 2664 513 2725; x_wconf 87' lang='lat' dir='ltr'>qua</span> <span class='ocrx_word' id='word_1_157' title='bbox 533 2646 691 2727; x_wconf 82' lang='lat' dir='ltr'>sexaginta</span> <span class='ocrx_word' id='word_1_158' title='bbox 713 2663 807 2710; x_wconf 90' lang='lat' dir='ltr'>annos</span> <span class='ocrx_word' id='word_1_159' title='bbox 829 2663 926 2724; x_wconf 88' lang='lat' dir='ltr'>usque</span> <span class='ocrx_word' id='word_1_160' title='bbox 954 2644 991 2707; x_wconf 88' lang='lat' dir='ltr'>ad</span> <span class='ocrx_word' id='word_1_161' title='bbox 1023 2651 1152 2706; x_wconf 90' lang='lat' dir='ltr'>mortem</span> <span class='ocrx_word' id='word_1_162' title='bbox 1173 2661 1256 2706; x_wconf 90' lang='lat' dir='ltr'>suam</span> 
     </span>
     <span class='ocr_line' id='line_1_21' title="bbox 159 2752 302 2833; baseline 0.014 -17"><span class='ocrx_word' id='word_1_163' title='bbox 159 2752 302 2833; x_wconf 83' lang='lat' dir='ltr'>explevit.</span> 
     </span>
    </p>

    <p class='ocr_par' dir='ltr' id='par_1_5' title="bbox 157 2863 1259 3281">
     <span class='ocr_line' id='line_1_22' title="bbox 245 2863 1257 2946; baseline -0.002 -18"><span class='ocrx_word' id='word_1_164' title='bbox 245 2864 276 2945; x_wconf 69' lang='lat' dir='ltr'>s.</span> <span class='ocrx_word' id='word_1_165' title='bbox 303 2863 352 2928; x_wconf 78' lang='lat' dir='ltr'>lt.</span> <span class='ocrx_word' id='word_1_166' title='bbox 397 2865 549 2930; x_wconf 83' lang='lat' dir='ltr'>Hactenus</span> <span class='ocrx_word' id='word_1_167' title='bbox 571 2884 617 2946; x_wconf 89' lang='lat' dir='ltr'>ea,</span> <span class='ocrx_word' id='word_1_168' title='bbox 640 2881 717 2946; x_wconf 87' lang='lat' dir='ltr'>quae</span> <span class='ocrx_word' id='word_1_169' title='bbox 728 2866 764 2929; x_wconf 90' lang='lat' dir='ltr'>ad</span> <span class='ocrx_word' id='word_1_170' title='bbox 776 2865 897 2930; x_wconf 88' lang='lat' dir='ltr'>Palladii</span> <span class='ocrx_word' id='word_1_171' title='bbox 913 2864 951 2928; x_wconf 89' lang='lat' dir='ltr'>de</span> <span class='ocrx_word' id='word_1_172' title='bbox 963 2863 1095 2930; x_wconf 84' lang='lat' dir='ltr'>blacerio</span> <span class='ocrx_word' id='word_1_173' title='bbox 1105 2863 1257 2946; x_wconf 83' lang='lat' dir='ltr'>Aegyptio</span> 
     </span>
     <span class='ocr_line' id='line_1_23' title="bbox 157 2975 1258 3060; baseline 0 -20"><span class='ocrx_word' id='word_1_174' title='bbox 157 2975 361 3040; x_wconf 87' lang='lat' dir='ltr'>narrationem</span> <span class='ocrx_word' id='word_1_175' title='bbox 384 2983 469 3038; x_wconf 88' lang='lat' dir='ltr'>erant</span> <span class='ocrx_word' id='word_1_176' title='bbox 490 2975 666 3038; x_wconf 87' lang='lat' dir='ltr'>annotanda.</span> <span class='ocrx_word' id='word_1_177' title='bbox 712 2976 824 3050; x_wconf 84' lang='lat' dir='ltr'>Restat,</span> <span class='ocrx_word' id='word_1_178' title='bbox 854 2985 887 3040; x_wconf 90' lang='lat' dir='ltr'>ut</span> <span class='ocrx_word' id='word_1_179' title='bbox 909 2977 1073 3056; x_wconf 87' lang='lat' dir='ltr'>videamus,</span> <span class='ocrx_word' id='word_1_180' title='bbox 1106 2976 1258 3060; x_wconf 90' lang='lat' dir='ltr'>quomodo</span> 
     </span>
     <span class='ocr_line' id='line_1_24' title="bbox 159 3085 1259 3171; baseline 0.001 -20"><span class='ocrx_word' id='word_1_181' title='bbox 159 3107 206 3167; x_wconf 85' lang='lat' dir='ltr'>ea,</span> <span class='ocrx_word' id='word_1_182' title='bbox 230 3103 306 3166; x_wconf 86' lang='lat' dir='ltr'>quae</span> <span class='ocrx_word' id='word_1_183' title='bbox 329 3085 424 3147; x_wconf 86' lang='lat' dir='ltr'>adhue</span> <span class='ocrx_word' id='word_1_184' title='bbox 439 3087 916 3153; x_wconf 85' lang='lat' dir='ltr'>eeodioibusVindobonensibus</span> <span class='ocrx_word' id='word_1_185' title='bbox 938 3091 1128 3171; x_wconf 84' lang='lat' dir='ltr'>protulimus,</span> <span class='ocrx_word' id='word_1_186' title='bbox 1149 3089 1259 3154; x_wconf 91' lang='lat' dir='ltr'>insin-</span> 
     </span>
     <span class='ocr_line' id='line_1_25' title="bbox 161 3195 957 3281; baseline 0.006 -22"><span class='ocrx_word' id='word_1_187' title='bbox 161 3197 240 3281; x_wconf 84' lang='lat' dir='ltr'>gulis</span> <span class='ocrx_word' id='word_1_188' title='bbox 262 3195 444 3260; x_wconf 88' lang='lat' dir='ltr'>editionibus</span> <span class='ocrx_word' id='word_1_189' title='bbox 467 3195 542 3262; x_wconf 91' lang='lat' dir='ltr'>Hist.</span> <span class='ocrx_word' id='word_1_190' title='bbox 565 3199 728 3270; x_wconf 84' lang='lat' dir='ltr'>Lausiaoae</span> <span class='ocrx_word' id='word_1_191' title='bbox 750 3200 957 3269; x_wconf 88' lang='lat' dir='ltr'>exhibeantur.</span> 
     </span>
    </p>

    <p class='ocr_par' dir='ltr' id='par_1_6' title="bbox 160 3307 1261 3730">
     <span class='ocr_line' id='line_1_26' title="bbox 246 3307 1260 3394; baseline 0.006 -24"><span class='ocrx_word' id='word_1_192' title='bbox 246 3307 401 3388; x_wconf 80' lang='lat' dir='ltr'>liquibus</span> <span class='ocrx_word' id='word_1_193' title='bbox 432 3327 543 3391; x_wconf 85' lang='lat' dir='ltr'>graeca</span> <span class='ocrx_word' id='word_1_194' title='bbox 563 3311 688 3375; x_wconf 85' lang='lat' dir='ltr'>Meursii</span> <span class='ocrx_word' id='word_1_195' title='bbox 716 3312 807 3376; x_wconf 92' lang='lat' dir='ltr'>editio</span> <span class='ocrx_word' id='word_1_196' title='bbox 838 3319 869 3375; x_wconf 87' lang='lat' dir='ltr'>et</span> <span class='ocrx_word' id='word_1_197' title='bbox 900 3312 1107 3394; x_wconf 85' lang='lat' dir='ltr'>interpretatio</span> <span class='ocrx_word' id='word_1_198' title='bbox 1136 3311 1260 3376; x_wconf 87' lang='lat' dir='ltr'>Herveti</span> 
     </span>
     <span class='ocr_line' id='line_1_27' title="bbox 160 3420 1260 3505; baseline 0.005 -23"><span class='ocrx_word' id='word_1_199' title='bbox 160 3437 179 3482; x_wconf 89' lang='lat' dir='ltr'>a</span> <span class='ocrx_word' id='word_1_200' title='bbox 200 3427 306 3483; x_wconf 88' lang='lat' dir='ltr'>nostro</span> <span class='ocrx_word' id='word_1_201' title='bbox 328 3420 466 3484; x_wconf 87' lang='lat' dir='ltr'>eodieum</span> <span class='ocrx_word' id='word_1_202' title='bbox 486 3421 765 3488; x_wconf 76' lang='lat' dir='ltr'>vindobonensium</span> <span class='ocrx_word' id='word_1_203' title='bbox 787 3432 874 3488; x_wconf 85' lang='lat' dir='ltr'>textu</span> <span class='ocrx_word' id='word_1_204' title='bbox 895 3443 967 3488; x_wconf 90' lang='lat' dir='ltr'>raro</span> <span class='ocrx_word' id='word_1_205' title='bbox 989 3433 1078 3505; x_wconf 87' lang='lat' dir='ltr'>atque</span> <span class='ocrx_word' id='word_1_206' title='bbox 1099 3423 1260 3488; x_wconf 83' lang='lat' dir='ltr'>levissimis</span> 
     </span>
     <span class='ocr_line' id='line_1_28' title="bbox 161 3533 1261 3617; baseline 0.004 -23"><span class='ocrx_word' id='word_1_207' title='bbox 161 3538 277 3594; x_wconf 88' lang='lat' dir='ltr'>tentum</span> <span class='ocrx_word' id='word_1_208' title='bbox 302 3533 394 3596; x_wconf 90' lang='lat' dir='ltr'>rebus</span> <span class='ocrx_word' id='word_1_209' title='bbox 426 3534 578 3598; x_wconf 82' lang='lat' dir='ltr'>differunt.</span> <span class='ocrx_word' id='word_1_210' title='bbox 630 3535 736 3617; x_wconf 88' lang='lat' dir='ltr'>Neque</span> <span class='ocrx_word' id='word_1_211' title='bbox 762 3537 793 3598; x_wconf 91' lang='lat' dir='ltr'>in</span> <span class='ocrx_word' id='word_1_212' title='bbox 822 3537 975 3616; x_wconf 89' lang='lat' dir='ltr'>Paradiso,</span> <span class='ocrx_word' id='word_1_213' title='bbox 1005 3535 1163 3600; x_wconf 89' lang='lat' dir='ltr'>Heraclidi</span> <span class='ocrx_word' id='word_1_214' title='bbox 1185 3553 1261 3615; x_wconf 94' lang='lat' dir='ltr'>per-</span> 
     </span>
     <span class='ocr_line' id='line_1_29' title="bbox 161 3645 1260 3730; baseline 0.005 -27"><span class='ocrx_word' id='word_1_215' title='bbox 161 3659 267 3725; x_wconf 88' lang='lat' dir='ltr'>peram</span> <span class='ocrx_word' id='word_1_216' title='bbox 305 3645 434 3724; x_wconf 87' lang='lat' dir='ltr'>tributo,</span> <span class='ocrx_word' id='word_1_217' title='bbox 476 3646 536 3708; x_wconf 87' lang='lat' dir='ltr'>ulla</span> <span class='ocrx_word' id='word_1_218' title='bbox 577 3648 702 3730; x_wconf 90' lang='lat' dir='ltr'>gravior</span> <span class='ocrx_word' id='word_1_219' title='bbox 737 3646 906 3712; x_wconf 78' lang='lat' dir='ltr'>differentia</span> <span class='ocrx_word' id='word_1_220' title='bbox 940 3647 1103 3712; x_wconf 89' lang='lat' dir='ltr'>invenitur.</span> <span class='ocrx_word' id='word_1_221' title='bbox 1166 3647 1260 3712; x_wconf 87' lang='lat' dir='ltr'>Multo</span> 
     </span>
    </p>
   </div>
   <div class='ocr_carea' id='block_1_5' title="bbox 189 3880 1262 4487">
    <p class='ocr_par' dir='ltr' id='par_1_7' title="bbox 192 3880 883 3952">
     <span class='ocr_line' id='line_1_30' title="bbox 192 3880 883 3952; baseline 0.009 -18"><span class='ocrx_word' id='word_1_222' title='bbox 192 3882 220 3948; x_wconf 86' lang='lat' dir='ltr'>l)</span> <span class='ocrx_word' id='word_1_223' title='bbox 240 3881 309 3938; x_wconf 87' lang='lat' dir='ltr'>Bibl.</span> <span class='ocrx_word' id='word_1_224' title='bbox 330 3880 418 3935; x_wconf 83' lang='lat' dir='ltr'>Graec.</span> <span class='ocrx_word' id='word_1_225' title='bbox 440 3883 482 3940; x_wconf 88' lang='lat' dir='ltr'>ed.</span> <span class='ocrx_word' id='word_1_226' title='bbox 503 3883 617 3938; x_wconf 87' lang='lat' dir='ltr'>Harless.</span> <span class='ocrx_word' id='word_1_227' title='bbox 640 3885 669 3941; x_wconf 88' lang='grc' dir='ltr'>Τ.</span> <span class='ocrx_word' id='word_1_228' title='bbox 690 3883 751 3937; x_wconf 88' lang='lat' dir='ltr'>vttl</span> <span class='ocrx_word' id='word_1_229' title='bbox 772 3901 796 3952; x_wconf 94' lang='lat' dir='ltr'>p.</span> <span class='ocrx_word' id='word_1_230' title='bbox 817 3886 883 3942; x_wconf 82' lang='lat'>361.</span> 
     </span>
    </p>

    <p class='ocr_par' dir='ltr' id='par_1_8' title="bbox 190 3969 1261 4136">
     <span class='ocr_line' id='line_1_31' title="bbox 190 3969 1261 4037; baseline 0 -13"><span class='ocrx_word' id='word_1_231' title='bbox 190 3971 222 4035; x_wconf 82' lang='lat'>2)</span> <span class='ocrx_word' id='word_1_232' title='bbox 245 3969 375 4037; x_wconf 84' lang='lat' dir='ltr'>Supplem.</span> <span class='ocrx_word' id='word_1_233' title='bbox 399 3969 552 4030; x_wconf 79' lang='lat' dir='ltr'>Commentt.</span> <span class='ocrx_word' id='word_1_234' title='bbox 572 3974 706 4034; x_wconf 84' lang='lat' dir='ltr'>Lambeoo.</span> <span class='ocrx_word' id='word_1_235' title='bbox 726 3975 839 4032; x_wconf 88' lang='lat' dir='ltr'>Vindob.</span> <span class='ocrx_word' id='word_1_236' title='bbox 863 3976 936 4030; x_wconf 83' lang='lat'><strong>1690</strong></span> <span class='ocrx_word' id='word_1_237' title='bbox 967 3975 995 4036; x_wconf 84' lang='grc' dir='ltr'>Τ.</span> <span class='ocrx_word' id='word_1_238' title='bbox 1015 3975 1041 4029; x_wconf 90' lang='lat'>11</span> <span class='ocrx_word' id='word_1_239' title='bbox 1066 3979 1094 4030; x_wconf 89' lang='lat' dir='ltr'>in</span> <span class='ocrx_word' id='word_1_240' title='bbox 1114 3975 1200 4028; x_wconf 85' lang='lat' dir='ltr'>indice</span> <span class='ocrx_word' id='word_1_241' title='bbox 1220 3972 1261 4024; x_wconf 83' lang='lat' dir='ltr'>al-</span> 
     </span>
     <span class='ocr_line' id='line_1_32' title="bbox 241 4058 924 4136; baseline 0.013 -26"><span class='ocrx_word' id='word_1_242' title='bbox 241 4058 380 4125; x_wconf 87' lang='lat' dir='ltr'>phabetico</span> <span class='ocrx_word' id='word_1_243' title='bbox 400 4077 421 4115; x_wconf 83' lang='lat' dir='ltr'>s.</span> <span class='ocrx_word' id='word_1_244' title='bbox 440 4079 466 4114; x_wconf 87' lang='lat' dir='ltr'>v.</span> <span class='ocrx_word' id='word_1_245' title='bbox 489 4065 628 4116; x_wconf 79' lang='lat' dir='ltr'>Macarius</span> <span class='ocrx_word' id='word_1_246' title='bbox 649 4066 801 4134; x_wconf 73' lang='lat' dir='ltr'>cognomine</span> <span class='ocrx_word' id='word_1_247' title='bbox 820 4067 924 4136; x_wconf 70' lang='lat' dir='ltr'>Magni.</span> 
     </span>
    </p>

    <p class='ocr_par' dir='ltr' id='par_1_9' title="bbox 189 4149 1261 4223">
     <span class='ocr_line' id='line_1_33' title="bbox 189 4149 1261 4223; baseline 0.006 -23"><span class='ocrx_word' id='word_1_248' title='bbox 189 4149 221 4214; x_wconf 83' lang='lat'>3)</span> <span class='ocrx_word' id='word_1_249' title='bbox 243 4149 347 4202; x_wconf 79' lang='lat' dir='ltr'>blacerii</span> <span class='ocrx_word' id='word_1_250' title='bbox 367 4150 490 4219; x_wconf 79' lang='lat' dir='ltr'>Aegyptii</span> <span class='ocrx_word' id='word_1_251' title='bbox 512 4151 606 4220; x_wconf 86' lang='lat' dir='ltr'>Opuso.</span> <span class='ocrx_word' id='word_1_252' title='bbox 629 4162 655 4206; x_wconf 82' lang='lat' dir='ltr'>et</span> <span class='ocrx_word' id='word_1_253' title='bbox 674 4153 866 4223; x_wconf 80' lang='lat' dir='ltr'>Apoplrthegm.</span> <span class='ocrx_word' id='word_1_254' title='bbox 889 4155 959 4222; x_wconf 86' lang='lat' dir='ltr'>Lips.</span> <span class='ocrx_word' id='word_1_255' title='bbox 983 4151 1055 4208; x_wconf 82' lang='lat'><strong>1699</strong></span> <span class='ocrx_word' id='word_1_256' title='bbox 1077 4150 1195 4218; x_wconf 77' lang='lat' dir='ltr'>Praeis.</span> <span class='ocrx_word' id='word_1_257' title='bbox 1216 4153 1261 4212; x_wconf 90' lang='lat' dir='ltr'>lV.</span> 
     </span>
    </p>

    <p class='ocr_par' dir='ltr' id='par_1_10' title="bbox 191 4235 476 4307">
     <span class='ocr_line' id='line_1_34' title="bbox 191 4235 476 4307; baseline 0.007 -15"><span class='ocrx_word' id='word_1_258' title='bbox 191 4235 221 4306; x_wconf 79' lang='grc'>4)</span> <span class='ocrx_word' id='word_1_259' title='bbox 244 4235 283 4297; x_wconf 82' lang='lat' dir='ltr'>ot,</span> <span class='ocrx_word' id='word_1_260' title='bbox 304 4253 382 4306; x_wconf 85' lang='lat' dir='ltr'>supra</span> <span class='ocrx_word' id='word_1_261' title='bbox 402 4257 428 4307; x_wconf 88' lang='lat' dir='ltr'>p.</span> <span class='ocrx_word' id='word_1_262' title='bbox 448 4241 476 4294; x_wconf 83' lang='lat'>3.</span> 
     </span>
    </p>

    <p class='ocr_par' dir='ltr' id='par_1_11' title="bbox 193 4327 1262 4399">
     <span class='ocr_line' id='line_1_35' title="bbox 193 4327 1262 4399; baseline 0.007 -21"><span class='ocrx_word' id='word_1_263' title='bbox 193 4327 223 4392; x_wconf 88' lang='grc'>5)</span> <span class='ocrx_word' id='word_1_264' title='bbox 245 4327 283 4378; x_wconf 85' lang='lat' dir='ltr'>lle</span> <span class='ocrx_word' id='word_1_265' title='bbox 304 4335 428 4396; x_wconf 86' lang='lat' dir='ltr'>tempore,</span> <span class='ocrx_word' id='word_1_266' title='bbox 449 4345 499 4399; x_wconf 90' lang='lat' dir='ltr'>quo</span> <span class='ocrx_word' id='word_1_267' title='bbox 513 4329 645 4386; x_wconf 84' lang='lat' dir='ltr'>Palladius</span> <span class='ocrx_word' id='word_1_268' title='bbox 655 4335 681 4386; x_wconf 94' lang='lat' dir='ltr'>in</span> <span class='ocrx_word' id='word_1_269' title='bbox 692 4333 796 4390; x_wconf 79' lang='lat' dir='ltr'>Nitriam</span> <span class='ocrx_word' id='word_1_270' title='bbox 809 4332 919 4394; x_wconf 86' lang='lat' dir='ltr'>venerit,</span> <span class='ocrx_word' id='word_1_271' title='bbox 929 4329 963 4386; x_wconf 82' lang='lat' dir='ltr'>oi.</span> <span class='ocrx_word' id='word_1_272' title='bbox 975 4331 1042 4384; x_wconf 86' lang='lat' dir='ltr'>inira</span> <span class='ocrx_word' id='word_1_273' title='bbox 1054 4327 1116 4398; x_wconf 79' lang='lat' dir='ltr'>(lap.</span> <span class='ocrx_word' id='word_1_274' title='bbox 1127 4332 1166 4386; x_wconf 94' lang='lat' dir='ltr'>Ill</span> <span class='ocrx_word' id='word_1_275' title='bbox 1181 4333 1204 4395; x_wconf 88' lang='lat'>§.</span> <span class='ocrx_word' id='word_1_276' title='bbox 1216 4331 1262 4386; x_wconf 77' lang='lat'>20.</span> 
     </span>
    </p>

    <p class='ocr_par' dir='ltr' id='par_1_12' title="bbox 194 4414 1009 4487">
     <span class='ocr_line' id='line_1_36' title="bbox 194 4414 1009 4487; baseline 0.006 -15"><span class='ocrx_word' id='word_1_277' title='bbox 194 4417 227 4482; x_wconf 82' lang='lat' dir='ltr'>o)</span> <span class='ocrx_word' id='word_1_278' title='bbox 249 4414 288 4474; x_wconf 83' lang='lat' dir='ltr'>Gi.</span> <span class='ocrx_word' id='word_1_279' title='bbox 307 4419 376 4472; x_wconf 87' lang='lat' dir='ltr'>inira</span> <span class='ocrx_word' id='word_1_280' title='bbox 396 4417 458 4487; x_wconf 80' lang='lat' dir='ltr'>Gap.</span> <span class='ocrx_word' id='word_1_281' title='bbox 478 4419 548 4476; x_wconf 85' lang='lat' dir='ltr'>Vlll.</span> <span class='ocrx_word' id='word_1_282' title='bbox 1008 4429 1009 4432; x_wconf 77' lang='grc'>’</span> 
     </span>
    </p>
   </div>
   <div class='ocr_carea' id='block_1_6' title="bbox 0 0 1509 4986">
    <p class='ocr_par' dir='ltr' id='par_1_13' title="bbox 0 0 1509 4986">
     <span class='ocr_line' id='line_1_37' title="bbox 0 0 1509 4986; baseline 0 0"><span class='ocrx_word' id='word_1_283' title='bbox 0 0 1509 4986; x_wconf 95' lang='lat' dir='ltr'> </span> 
     </span>
    </p>
   </div>
  </div>
 </body>
</html>
