2974 4964
673 379 944 466 -92-‚

249 577 349 640 diuam
371 577 464 659 venit,
485 592 583 659 neque
603 577 749 642 lactucam
770 579 880 664 tetigit,
903 597 1002 662 neque
1024 580 1168 643 minutum
1190 569 1267 658 olus,
1290 597 1350 642 nec

251 689 350 752 viride
372 689 545 772 quidquam,
565 709 622 754 nec
644 690 784 771 fructum,
806 710 863 754 nec
891 709 992 772 uvam,
1020 709 1078 754 nec
1104 691 1269 768 lavacrum,
1290 707 1350 752 nec

250 813 382 879 carnem,
404 818 460 863 nec
474 819 589 880 panem,
612 821 668 866 ueo
679 803 791 882 vinum,
814 820 914 884 neque
930 803 1051 865 omnino
1062 802 1221 883 quidquam
1239 821 1278 867 ex
1296 804 1350 884 iis,

249 925 326 988 quae
355 911 538 993 perignem
565 919 733 992 transeunt,
765 921 885 993 praeter
910 911 1054 993 quaedam
1085 911 1169 974 olera
1197 913 1290 976 cruda
1318 923 1350 978 et

249 1020 410 1112 modicum*
431 1029 534 1103 aquae'.
579 1021 788 1086 Sextodecimc
823 1029 922 1085 autem
946 1000 1128 1086 ¹huiusmodi
1157 1023 1235 1086 vitae
1267 1043 1348 1090 anno

249 1151 341 1214 quum
364 1139 487 1214 propter
510 1133 647 1212 corporis
669 1133 873 1213 stomachique
895 1133 1126 1198 imbecillitatem
1147 1152 1255 1214 panem
1276 1136 1349 1216 qui-

249 1243 317 1306 dem
339 1244 499 1325 tetigisset,
522 1251 608 1306 cocta
629 1252 727 1307 tamen
749 1244 833 1306 olera
855 1244 891 1307 ad
914 1255 1041 1310 mortem
1062 1263 1159 1328 usque
1184 1264 1245 1308 non
1268 1263 1348 1328 gus-

246 1355 370 1432 tavit¹).
393 1353 582 1418 Philoromus
597 1354 725 1436 denique
746 1355 905 1436 presbyter
927 1355 1022 1420 coctis
1043 1356 1118 1419 cibis
1139 1354 1348 1438 duodeviginti

247 1465 333 1528 aunis
355 1481 389 1527 se
411 1465 553 1528 abstinuit
563 1466 601 1542 ²).

333 1575 480 1638 Macarius
500 1574 733 1656 Alexandrinus,
756 1584 789 1639 ut
810 1575 931 1640 omnino
953 1595 1014 1640 nou
1036 1577 1120 1642 vesei
1141 1577 1243 1658 cupiit,
1265 1577 1348 1658 quod

247 1693 347 1748 tamen
367 1685 494 1750 humana
514 1697 620 1752 natura
641 1705 702 1750 non
724 1688 905 1767 admittebat,
927 1689 968 1752 ita
989 1689 1078 1782 etiam
1100 1689 1251 1752 insomne
1273 1687 1347 1750 viu-

248 1797 355 1876 ceudo,
378 1797 449 1875 quid
470 1807 582 1876 posset,
605 1797 738 1878 experiri
759 1799 871 1874 statuit,
893 1798 1024 1878 totisque
1040 1799 1147 1882 viginti
1161 1799 1267 1862 diebus
1288 1797 1347 1860 sub

247 1907 468 1989 caelodegens
492 1909 707 1972 nihilomnino
737 1909 897 1995 dormivit;
926 1910 980 1973 sed
1009 1920 1192 1990 postremum
1221 1916 1348 1972 naturae

246 2039 317 2116 euru
338 2019 450 2084 cedere
471 2037 598 2083 necesse
619 2021 683 2084 luit.
706 2021 833 2086 Noctem
855 2039 930 2084 vero
953 2022 1127 2102 saepissime
1148 2019 1348 2101 pervigilasse

248 2132 334 2196 multi
352 2148 445 2194 senes
466 2129 616 2193 feruutur.
660 2131 707 2194 Ex
728 2132 838 2212 quibus
859 2131 1043 2210 Dorotheus,
1064 2131 1141 2211 apud
1163 2149 1252 2211 quera
1275 2130 1347 2192 Pal-

246 2241 343 2304 ladius
364 2241 527 2304 Lausiacae
548 2241 679 2321 scriptor
700 2259 793 2322 prope
809 2241 1023 2304 Alexandriam
1044 2243 1129 2322 vixit,
1151 2261 1168 2304 a
1189 2243 1348 2310 iuventute

246 2368 343 2431 usque
365 2349 401 2412 ad
422 2359 608 2414 senectutem
631 2369 780 2432 nunquam
802 2360 909 2431 sponte
924 2352 1089 2430 dormivit,
1119 2353 1175 2416 sed
1204 2371 1265 2416 uon
1288 2351 1349 2414 uisi

245 2463 324 2526 inter
345 2463 529 2542 operandum
555 2462 605 2525 vel
634 2462 850 2526 comedendum
879 2463 984 2529 oculos
1006 2481 1112 2530 somno
1141 2482 1246 2544 parurn
1268 2479 1348 2524 con-

245 2571 367 2636 nivebat
382 2575 417 2651 3ι.
462 2573 558 2636 Ροιιο
576 2573 724 2638 Arsenius
746 2591 835 2636 unam
855 2575 953 2651 somni
973 2574 1077 2638 horam
1100 2582 1224 2636 strenuo
1247 2591 1343 2636 exer-

245 2683 364 2748 citatori
384 2681 525 2750 sufficere
556 2684 717 2764 perhibuit,
743 2691 834 2764 atque
862 2683 928 2764 ipse
952 2690 1019 2758 tota
1046 2693 1135 2748 nocte
1164 2685 1345 2768 pervigilata

245 2811 332 2894 mane
360 2812 465 2902 parum
498 2795 607 2860 sedens
635 2795 823 2872 dormivit⁴).
868 2794 897 2860 S.
920 2794 1070 2860 Antonius
1092 2795 1220 2876 denique
1250 2805 1344 2862 totam

242 2877 390 2982 persaepe
411 2891 530 2968 noctem
551 2905 718 2967 insomnem
740 2905 871 2983 duxit⁵].
895 2906 1075 2986 Quanquam
1089 2925 1193 2970 senem
1214 2907 1344 2988 aliquem

245 3030 351 3077 sonmo
374 3014 430 3091 sic,
451 3022 485 3076 ut
503 3014 665 3077 biccarium
676 3015 924 3096 Alexandrinum,
946 3006 1140 3080 abstinuisse
1146 3035 1207 3080 non
1229 3018 1342 3080 inveni.

332 3123 465 3184 Tertium
487 3123 617 3206 denique
639 3143 771 3189 suurmae
792 3127 914 3191 Macarii
928 3127 1124 3190 Alexandrini
1146 3129 1345 3195 exercitatio-

244 3231 292 3296 nis
314 3241 525 3314 argumentum
545 3235 604 3298 hoc
626 3244 682 3314 est,
704 3239 931 3322 quodpropter
955 3221 1049 3300 solam
1072 3237 1215 3320 ultionem
1237 3237 1345 3300 culicis

243 3343 403 3427 pungentis
435 3362 490 3406 sex
522 3363 641 3408 menses
670 3346 803 3409 nudus
795 3365 824 3408 ιιι
857 3346 963 3426 palude
992 3347 1090 3412 Scatis
1123 3348 1216 3412 sedit·
1245 3344 1345 3408 Unde

239 3469 335 3536 quum
355 3463 536 3536 reverteret,
559 3473 576 3518 a
598 3455 743 3518 culicibus
767 3464 829 3520 toto
853 3474 983 3535 corpore
1008 3458 1052 3520 ita
1072 3455 1247 3523 vulneratus
1274 3456 1345 3536 fuit,

242 3575 275 3630 ut
298 3585 338 3628 ex
366 3565 431 3629 sola
456 3584 534 3630 voce
564 3573 793 3646 agnosceretur,
827 3573 858 3628 et
881 3565 1073 3646 elephantiasi
1093 3566 1231 3630 laborare
1250 3562 1346 3628 vide-

241 3683 337 3739 retur.
382 3677 424 3741 lta
456 3695 531 3740 vero
561 3679 650 3741 etiam
680 3675 840 3760 Euagrius,
872 3679 924 3760 qui
957 3697 974 3740 a
1002 3677 1110 3764 spiritu
1142 3673 1345 3762 blasphemiae

270 3975 381 4042 ntur
401 3973 648 4044 tapsenses

268 4061 296 4128 ι)
316 4062 383 4120 lbid.
399 4080 457 4131 ffcap
483 4063 582 4128 trop.
603 4057 668 4116 584

270 4147 299 4211 a)
321 4149 388 4206 ιιιι.
408 4167 465 4218 etp.
489 4153 551 4218 ap.
572 4151 637 4204 aaa.

268 4231 296 4294 4)
317 4237 370 4288 llll.
393 4239 441 4294 PP.
461 4239 549 4292 Rosw.
572 4237 617 4293 tib.
637 4237 669 4299 V,
692 4232 719 4299 4,
741 4237 767 4292 2.
787 4237 814 4292 3.
1111 4301 1114 4308 .

267 4322 296 4391 5)
317 4325 374 4376 Vita
395 4327 420 4383 S.
440 4327 499 4382 Aut.
522 4341 579 4391 cap.
602 4327 617 4380 t
639 4319 708 4390 opp.
729 4323 821 4380 Athen.
841 4321 868 4380 T.
888 4327 898 4374 t
921 4323 949 4382 P.
969 4326 994 4376 11
1015 4339 1039 4390 p.
1060 4325 1124 4396 638.
