2990 4986
646 403 692 418 ..
744 339 891 436 20'..

221 571 308 650 doro,
332 567 397 632 aliis
420 566 512 630 multa
533 566 688 646 leguntur,
711 563 840 626 dubitari
863 563 974 642 nequiit.
1018 561 1135 636 Fateor,
1164 561 1202 623 de
1222 560 1324 624 Euse-

220 683 270 747 bio
293 680 413 762 quidem
435 688 466 742 et
488 678 526 740 de
546 675 706 757 Euthymio
728 674 801 738 nihil
831 671 935 736 baberi
963 674 994 736 in
1022 672 1073 736 illo
1095 672 1324 735 Rosweidianae

220 791 408 857 collectionis
439 789 517 852 libro
547 786 698 852 secundo:
735 793 766 850 at
794 785 1011 867 Hieronymum
1040 803 1075 847 ea
1104 784 1224 846 nomina
1254 801 1323 844 cum

219 903 351 985 Eulogio
371 911 402 966 et
422 901 561 982 Didymo,
589 899 641 978 qui
670 897 701 959 in
726 897 804 960 libro
833 897 976 980 leguntur
989 892 1031 979 ¹),
1053 893 1250 969 confundere,
1273 901 1324 956 ant

220 1013 445 1092 corruptionem
466 1010 558 1089 longa
581 1018 749 1088 temporum
771 1007 853 1072 serie
882 1009 912 1070 in
935 1007 1016 1086 ipsos
1039 1005 1159 1068 codices
1181 1012 1233 1067 aut
1253 1003 1324 1066 libri

223 1132 276 1186 aut
297 1122 472 1204 Hieronymi
494 1119 639 1201 epistolae
659 1118 821 1198 irrepsisse
843 1128 1079 1182 consentaneum
1101 1126 1157 1188 est.

308 1233 413 1313 ltaque
434 1233 537 1294 verbis
559 1231 617 1294 illis
639 1231 840 1310 Hieronymus
862 1228 1001 1292 Rufinum
1022 1227 1092 1290 libri
1114 1227 1201 1289 istius
1223 1224 1323 1304 signi-

219 1345 288 1408 hcat
315 1343 503 1421 scriptorem,
525 1359 587 1402 non
614 1339 790 1420 Euagrium,
821 1339 865 1401 uti
892 1337 1028 1400 nonnulli
1038 1336 1069 1420 2)
1092 1335 1322 1412 contenderunt,

172 1533 184 1538 =
219 1453 311 1534 quod,
333 1453 385 1532 qni
405 1451 506 1514 locum
528 1451 703 1531 Hieronymi
725 1458 837 1514 attente
859 1449 979 1530 legerit,
1007 1447 1064 1510 sibi
1086 1446 1172 1508 lacile
1193 1463 1324 1524 persua-

220 1563 301 1625 debit
313 1560 357 1644 ⁸).
401 1562 547 1639 Accedit,
570 1569 604 1623 ut
626 1561 798 1640 complures
819 1561 940 1624 codices
969 1576 1058 1620 mann
1090 1559 1212 1638 scripti,
1242 1558 1325 1620 inter

218 1689 295 1751 quos
316 1689 393 1732 unus
415 1679 563 1749 vetustus,
586 1688 674 1750 quem
687 1670 864 1734 Rosweidus
885 1671 916 1732 in
939 1669 1063 1732 edendis
1084 1669 1154 1732 vitis
1176 1668 1320 1746 adhibuit,

219 1781 317 1845 bulini
338 1799 448 1844 nomen
470 1791 572 1861 aperte
593 1782 800 1862 profiteantur.
815 1779 849 1864 ⁴)

251 1897 254 1902 ’
306 1891 390 1954 Unde
412 1894 470 1954 iam
485 1891 641 1956 difficultas
663 1894 734 1956 satis
757 1910 864 1974 magna
886 1891 992 1954 oritur.
1016 1890 1091 1952 Nam
1112 1891 1188 1952 siin
1211 1890 1324 1952 librum

220 2003 386 2067 secundum
417 2004 586 2065 accuratius
619 2003 755 2083 inquiris,
777 2003 844 2066 luce
873 2003 983 2066 clarius
1016 2010 1149 2082 apparet,
1183 2001 1323 2062 liusmum

220 2129 289 2174 esso
311 2131 371 2176 non
394 2129 484 2192 posse
505 2121 669 2176 auctorem.

306 2223 438 2284 Primum
460 2225 539 2286 enim
562 2231 668 2286 auctor
689 2221 758 2284 libri
787 2222 912 2286 secundi
941 2240 1001 2284 non
1031 2230 1166 2300 tempore
1189 2221 1324 2283 Valentis

220 2331 320 2414 paullo
340 2342 418 2410 post
447 2333 601 2396 Athanasii
630 2343 758 2398 mortem
780 2331 910 2417 (373),
942 2342 992 2395 aut
1024 2342 1092 2395 ante
1128 2351 1237 2394 annum
1260 2330 1326 2393 385

221 2443 401 2504 monasteria
422 2441 555 2524 Aegypti
577 2444 737 2522 lustravit,
770 2461 829 2523 quo
859 2452 994 2522 tempore
1016 2443 1154 2506 Rufinum
1175 2443 1206 2504 in
1228 2443 1326 2504 Nitria

220 2560 372 2614 versatum
393 2569 461 2615 esse
483 2554 692 2634 cognovimus,
715 2554 769 2617 sed
791 2553 884 2616 multo
907 2561 975 2633 post
997 2563 1127 2616 exeunte
1156 2571 1234 2616 anno
1258 2552 1324 2614 394

220 2661 276 2723 sub
297 2661 387 2724 linem
408 2663 526 2742 imperii
548 2665 708 2726 Theodosii
730 2666 839 2746 magni,
871 2665 922 2745 qui
947 2665 1020 2728 obiit
1045 2683 1122 2727 anno
1155 2663 1217 2726 395
1241 2663 1321 2725 XVl.

222 2772 342 2836 Calend.
365 2775 522 2836 Februarii
534 2772 583 2856 5);
618 2775 733 2836 socium
766 2793 841 2836 vero
874 2776 990 2837 itineris
1014 2774 1174 2855 Palladium
1207 2772 1321 2850 habuit,

224 2881 275 2961 qui
286 2881 459 2942 Lausiacam
477 2883 606 2960 scripsit.
629 2884 711 2956 Quae
724 2884 843 2962 quidem
859 2902 898 2944 ex
919 2884 996 2945 libro
1012 2884 1144 2946 secundo
1158 2884 1224 2962 ipso
1237 2890 1325 2945 recte

224 2990 418 3072 colliguntur.
441 2991 517 3052 Nam
539 3000 644 3053 auctor
665 2993 754 3054 huius
776 2992 845 3055 libri
867 2995 965 3057 statim
987 2995 1023 3055 ub
1045 2994 1129 3055 initio
1151 2993 1227 3054 haec
1249 3011 1326 3054 nar-

223 3107 288 3164 rat:
310 3100 415 3162 Fuisse
437 3110 561 3180 septem,
585 3119 619 3163 se
640 3101 780 3163 nimirum
803 3120 871 3164 cum
894 3119 949 3166 sex
971 3103 1071 3181 sociis,
1102 3103 1154 3182 qui
1175 3103 1325 3164 loannem

224 3211 379 3275 eremitam
403 3227 497 3291 prope
517 3211 630 3293 Lycum
653 3213 803 3277 civitatem
826 3215 1047 3278 convenissent.
1071 3213 1217 3276 loannem
1239 3212 1326 3290 ipsiS,

255 3524 281 3584 1)
302 3519 364 3584 Gap.
389 3520 422 3576 14
441 3531 467 3574 el
487 3521 524 3577 24
544 3541 568 3591 p.
590 3523 656 3590 472,
679 3528 704 3577 2.
727 3521 793 3588 479,
818 3529 841 3580 Ι.

253 3610 282 3674 2)
302 3607 438 3673 Remulus,
461 3612 514 3668 alii.

251 3697 283 3765 3)
303 3697 406 3748 Librum
426 3702 501 3766 Xysti
523 3699 693 3768 Pythagoraei
721 3704 754 3753 cb
784 3701 870 3752 eodem
895 3703 1024 3768 scriptore
1050 3700 1098 3750 aab
1132 3701 1236 3749 nomine
1257 3697 1326 3748 simi

302 3785 388 3852 Papae
408 3795 435 3838 ct
454 3791 571 3854 martyris
592 3799 618 3840 ct
638 3790 729 3840 librum
740 3788 846 3840 Euschir
859 3786 1035 3840 Caesariensis
1056 3788 1103 3839 sub
1124 3791 1227 3838 nomine
1248 3787 1326 3838 Pam-

301 3873 366 3940 phili
376 3875 495 3939 llartyris
516 3875 603 3926 editos
621 3891 680 3926 esse
694 3855 745 3925 'illa
765 3875 875 3939 epistola
888 3875 1037 3940 Hieronymi
1052 3875 1137 3937 docet,
1159 3877 1234 3926 cuins
1256 3890 1326 3940 apo-

303 3961 374 4028 logia
394 3964 501 4014 eandem
522 3964 588 4015 hanc
608 3963 723 4014 fraudem
743 3963 838 4026 Rapina
859 3963 956 4014 tribuit.
990 3964 1095 4016 Hieron.
1119 3965 1168 4028 Ep.
1194 3965 1249 4016 133
1270 3965 1287 4020 l.
1308 3965 1327 4020 l.

299 4050 376 4115 Apol.
398 4052 457 4107 adv.
477 4053 537 4106 Hui.
557 4053 602 4102 lib.
625 4053 660 4112 ll,
690 4051 731 4106 ed.
752 4050 849 4100 Bened.
872 4049 900 4106 T.
923 4051 959 4102 lv
978 4050 1085 4117 p.419;
1118 4051 1165 4108 lib.
1189 4056 1238 4116 ΙΙΙ,
1259 4053 1326 4109 ibid.

301 4152 326 4202 p.
349 4135 414 4196 449.
454 4141 488 4190 ci.
512 4139 657 4200 Tillemont,
681 4139 817 4188 hldmoires
839 4135 866 4192 T.
886 4141 948 4190 xvl
970 4155 995 4204 p.
1016 4139 1081 4204 657,
1106 4145 1129 4194 1.

252 4219 283 4288 4)
305 4225 358 4282 vv,
379 4231 430 4283 ΡΙ).
450 4228 539 4281 Hosw.
560 4225 666 4291 Proleg.
688 4227 715 4288 s.
737 4227 760 4274 ΙΙ
780 4240 806 4291 p.
826 4225 932 4278 xxvn.

252 4310 281 4376 5)
302 4311 372 4370 Socr.
394 4315 460 4366 Hist.
485 4313 554 4365 Eccl.
579 4313 609 4374 V,
632 4311 677 4367 25.
