2974 4964
677 317 921 394 ,74-

247 519 384 603 appellat.
407 521 490 596 Quas
503 535 595 602 quum
616 519 658 584 ita
679 519 750 599 sint,
770 516 816 584 ias
836 518 904 594 crit,
926 517 985 582 boo
1002 531 1125 600 qnoque
1145 527 1245 600 caput,
1265 517 1349 598 qrrod

247 631 280 696 in
301 629 455 696 codicibus
477 629 774 696 Vindoboneusibus:
800 628 865 708 ,lle
885 627 1009 692 blareo“
1032 627 1218 708 inscribitur,
1250 645 1348 709 appo-
1473 635 1474 642 ’

248 759 324 806 nere
344 751 384 820 et,
406 749 479 806 num
499 741 531 804 in
552 758 591 805 eo
610 741 649 804 de
670 739 784 820 llarco,
806 757 844 802 an
866 738 904 802 de
922 737 1055 802 blacarm
1076 747 1227 819 narrem,
1250 737 1348 818 dispi-

247 867 330 914 cere.
379 851 466 927 Quod
500 851 621 932 quidem
661 852 703 915 ita
737 849 973 932 praestabimus,
1009 856 1043 912 nt
1082 855 1198 912 tentum
1233 847 1348 912 codicis

247 963 466 1026 membranacei
486 963 599 1031 ‚latine
634 962 783 1028 redditum
827 976 1031 1042 apponamus,
1062 959 1216 1022 variantes
1246 967 1349 1022 autem
1473 1015 1474 1026 ,

246 1073 375 1137 nominis
388 1073 470 1138 senis
491 1073 570 1138 illius
592 1072 749 1152 lectiones,
771 1089 848 1152 quae
869 1071 900 1134 in
923 1069 1029 1134 codice
1050 1068 1207 1132 chartaceo
1228 1069 1347 1132 haben-

246 1192 308 1265 tur,
330 1184 388 1250 snb
409 1191 496 1248 textu
516 1192 703 1248 annotemus.
747 1181 792 1248 lta
813 1181 893 1246 enim
915 1180 1027 1244 codicis
1048 1177 1268 1243 membranacei
1279 1177 1347 1244 his-

246 1293 476 1360 turbabamiaca
497 1311 622 1358 narrare
643 1293 760 1376 pergit:
783 1291 849 1372 ,lte
865 1291 973 1356 eodem
992 1299 1098 1356 sancto
1110 1289 1214 1354 blaseo
1235 1308 1346 1374 magne

246 1407 487 1483 exercitaturae
517 1405 566 1467 bic
595 1393 776 1470 admirabilis
796 1403 946 1466 Macarius
975 1402 1033 1468 hoc
1058 1401 1236 1466 incredibile
1256 1401 1345 1467 nobis

245 1517 395 1582 narravit:
416 1519 515 1592 Quum
536 1535 637 1596 sacro,
658 1517 767 1598 inquit,
796 1531 920 1578 munere
942 1513 1100 1596 fungerer,
1122 1519 1258 1592 ternpore
1278 1513 1346 1577 dis-

245 1628 416 1695 tributionis
444 1629 665 1710 mpsteriorum
680 1627 790 1691 Christi
819 1644 879 1710 ego
902 1623 1071 1700 observavi,
1097 1623 1201 1686 Marco
1221 1623 1346 1688 exerei-

245 1741 336 1805 tatori
355 1757 508 1821 nunqnam
529 1757 579 1802 me
599 1737 722 1802 dedisse
741 1738 936 1817 oblationem,
969 1735 1024 1802 sed
1052 1734 1177 1818 angelus
1206 1735 1237 1800 ei
1257 1736 1346 1800 dabat

244 1850 401 1915 dealbari.
443 1851 511 1934 Ego
533 1869 607 1914 vero
629 1850 728 1914 solum
749 1849 941 1930 splendorem
961 1861 1068 1910 manus
1096 1845 1159 1910 vidi
1185 1847 1262 1927 eius,
1294 1847 1347 1928 qui

244 1962 273 2026 ei
295 1963 473 2028 oblationem
495 1963 592 2028 dabat.
635 1962 692 2028 llic
720 1979 795 2027 vero
817 1961 937 2026 blarcus
958 1977 1051 2040 quum
1079 1959 1180 2025 iunior
1199 1965 1286 2022 essct
1299 1956 1346 2042 ²),

243 2083 331 2140 vetus
346 2085 377 2140 et
390 2087 502 2138 novum
517 2081 728 2138 testamentum
742 2075 916 2137 memoriter
931 2073 1044 2154 didicit,
1057 2072 1172 2154 initqrm
1185 2069 1345 2151 insigniter

244 2183 325 2248 mitis
346 2193 438 2267 aopue
456 2195 569 2266 castus,
591 2185 618 2250 si
639 2185 706 2266 quis
727 2184 813 2248 alios.
836 2183 970 2260 Quodam
978 2185 1033 2248 die
1048 2201 1139 2267 quum
1159 2182 1256 2244 edum
1274 2181 1347 2244 nihi

243 2305 337 2377 esset,
358 2296 395 2359 ad
417 2313 487 2358 eum
508 2298 540 2360 in
562 2304 699 2363 extrema
719 2295 784 2360 eins
806 2305 965 2362 senectute
983 2296 1117 2376 perrexi.
1138 2295 1239 2370 Quem.
1255 2307 1347 2372 quum

243 2423 313 2490 opo,
334 2417 440 2489 utpote
460 2409 512 2490 qui
532 2409 618 2474 rudis
641 2425 750 2489 essem,
773 2425 864 2489 snpra
878 2405 1029 2472 huminem
1043 2424 1112 2472 esse
1129 2405 1343 2483 misenatem,

242 2527 277 2582 ut
298 2519 386 2584 mam
406 2519 472 2598 luit,
495 2519 574 2584 ostio
589 2520 683 2584 cellae
704 2520 799 2602 ipsius
813 2519 918 2584 adsedi
938 2527 981 2598 et,
1001 2517 1076 2600 quid
1095 2517 1272 2598 loqueretur
1292 2515 1344 2578 vel

241 2639 359 2711 ageret,
381 2629 557 2694 auscultavi.
601 2629 689 2695 Solus
719 2630 814 2714 igitur
834 2631 917 2695 intus
937 2645 1030 2710 quum
1053 2629 1113 2692 iam
1134 2637 1255 2692 centum
1275 2625 1344 2690 fere

240 2757 336 2806 annos
366 2737 492 2804 baberet
523 2741 691 2823 dentesque
721 2742 881 2820 amisisset,
914 2759 1020 2806 secun
1059 2749 1092 2804 et
1124 2758 1192 2803 cum
1223 2739 1341 2804 diabolo

240 2851 393 2932 pugnavit,
410 2867 469 2912 ac:
492 2851 569 2924 Quid
583 2853 713 2930 tandem,
734 2853 842 2932 inquit,
862 2853 920 2932 vis,
942 2847 1149 2916 malesenex‘?
1170 2850 1216 2914 En
1237 2851 1342 2914 vinnan

240 2961 341 3026 bibisti
362 2969 394 3024 et
413 2961 523 3023 oleum*
536 2961 674 3043 tetigisti.
716 2963 796 3038 Quid
818 2964 864 3028 vis
885 2964 1011 3045 amplius
1033 2963 1086 3028 tibi
1108 2961 1223 3041 faciam,
1244 2979 1343 3032 voras

128 3129 133 3142 ,
240 3073 272 3136 in
294 3071 413 3151 canitie,
435 3071 574 3135 serviens
596 3071 719 3140 ventri?
736 3117 737 3122 η
754 3073 798 3138 lte
819 3091 854 3138 se
875 3074 941 3156 ipse
962 3073 1153 3138 contumeliis
1171 3072 1341 3156 castigavit.

238 3181 364 3246 Diabolc
392 3189 510 3246 autem:
540 3181 670 3264 Recede,
699 3185 806 3266 inquit,
840 3205 943 3266 ame,
976 3185 1104 3250 diabole.
1124 3183 1341 3250 „consenuisti

238 3311 358 3358 mecum
378 3295 411 3356 in
432 3293 562 3376 pigritia
585 3293 790 3360 Infirmitatem
812 3298 952 3378 corporis
970 3297 1042 3360 mibi
1062 3296 1206 3362 inflixisti.
1229 3296 1341 3358 Vinum

238 3415 270 3470 et
301 3405 402 3470 oleum
429 3404 665 3485 mepercipere
693 3405 802 3470 iecisti.
854 3407 1064 3488 Voluptarinm
1095 3426 1148 3470 me
1172 3405 1338 3474 reddidisti

237 3515 316 3592 Quid
337 3515 392 3580 tibi
412 3513 537 3597 insuper
558 3516 680 3590 debeo?
722 3517 802 3581 Nihil
824 3519 943 3582 invenis
964 3520 995 3582 in
1017 3537 1076 3600 mc,
1097 3519 1179 3602 quod
1200 3519 1340 3599 deripere

236 3628 324 3694 velis.
367 3627 488 3690 Recede
510 3645 587 3711 ergo
609 3646 626 3690 a
648 3645 707 3709 rna,
727 3628 849 3692 inimice
869 3630 1033 3696 bominum
1076 3629 1125 3695 lle
1145 3629 1239 3694 veluti
1259 3628 1339 3692 latro

266 3855 294 3922 1)
314 3856 387 3926 Περὶ
408 3858 455 3908 τοῦ
473 3854 557 3926 ἁγίου
576 3854 667 3910 τούτου
685 3855 793 3928 μάρκου
812 3861 859 3910 rori
884 3854 1007 3927 μεγάλου
1034 3851 1152 3918 cuxiaco
1199 3891 1235 3908 ..
1274 3848 1337 3908 God.

314 3944 427 3996 chartac.
449 3949 560 3996 rectius:
580 3949 654 4016 Περὶ
673 3945 782 4018 μάρκου
802 3949 846 3999 τοῦ
865 3945 920 4017 μὲν
939 3940 1054 4008 controv
1074 3981 1082 3998 .
1103 3977 1110 3992 .
1134 3977 1142 3992 .

263 4035 294 4099 2)
317 4022 403 4093 Οὗτος
424 4033 455 4088 dt
483 4031 622 4105 ὁμάρκος
642 4032 771 4106 νεώτερος
790 4033 830 4088 ὤν
849 4070 856 4086 .
878 4069 913 4089 ..
954 4029 1018 4088 eoo.
1039 4029 1169 4082 chartae:
1199 4016 1287 4086 Οὗτος
1306 4023 1338 4080 δὲ

313 4122 329 4176 d
347 4122 484 4193 μακάριος
503 4122 612 4194 μάρκαν
631 4123 763 4195 νεώτερος
774 4119 830 4176 ὤν.
844 4163 868 4180 ..
889 4121 938 4175 Ubi
958 4117 1066 4193 μάρκαν
1078 4119 1190 4184 positum
1210 4131 1271 4170 csse
1289 4129 1337 4183 pro

312 4208 428 4280 μάρκος,
449 4227 535 4280 neque
548 4227 595 4278 pro
614 4209 733 4282 μάρκου,
754 4220 782 4264 ut
801 4212 928 4280 quispiam
949 4210 1061 4264 fortasse
1080 4205 1232 4271 crediderit,
1252 4221 1269 4260 e
1288 4219 1338 4258 co·

314 4296 380 4348 dicis
400 4301 526 4366 scriptura
546 4299 708 4368 intelligitur.
