<?xml version="1.0" encoding="UTF-8"?>
<!DOCTYPE html PUBLIC "-//W3C//DTD XHTML 1.0 Transitional//EN"
    "http://www.w3.org/TR/xhtml1/DTD/xhtml1-transitional.dtd">
<html xmlns="http://www.w3.org/1999/xhtml" xml:lang="en" lang="en">
 <head>
  <title>
</title>
<meta http-equiv="Content-Type" content="text/html;charset=utf-8" />
  <meta name='ocr-system' content='tesseract 3.04.00' />
  <meta name='ocr-capabilities' content='ocr_page ocr_carea ocr_par ocr_line ocrx_word'/>
</head>
<body>
  <div class='ocr_page' id='page_1' title='image "./macariiaegyptii00macagoog_0111.png"; bbox 0 0 2974 4964; ppageno 0'>
   <div class='ocr_carea' id='block_1_1' title="bbox 661 349 904 422">
    <p class='ocr_par' dir='ltr' id='par_1_1' title="bbox 661 349 904 422">
     <span class='ocr_line' id='line_1_1' title="bbox 661 349 904 422; baseline -0.016 -15"><span class='ocrx_word' id='word_1_1' title='bbox 661 349 904 422; x_wconf 69' lang='grc'>..96-</span> 
     </span>
    </p>
   </div>
   <div class='ocr_carea' id='block_1_2' title="bbox 159 547 1335 3848">
    <p class='ocr_par' dir='ltr' id='par_1_2' title="bbox 159 547 1335 3848">
     <span class='ocr_line' id='line_1_2' title="bbox 232 547 1334 630; baseline -0.007 -11"><span class='ocrx_word' id='word_1_2' title='bbox 232 555 327 620; x_wconf 88' lang='lat' dir='ltr'><strong>eremi</strong></span> <span class='ocrx_word' id='word_1_3' title='bbox 348 573 365 617; x_wconf 91' lang='lat' dir='ltr'><strong>a</strong></span> <span class='ocrx_word' id='word_1_4' title='bbox 387 552 581 616; x_wconf 89' lang='lat' dir='ltr'><strong>daemonibus</strong></span> <span class='ocrx_word' id='word_1_5' title='bbox 602 547 761 614; x_wconf 87' lang='lat' dir='ltr'><strong>inhabitari</strong></span> <span class='ocrx_word' id='word_1_6' title='bbox 783 563 948 628; x_wconf 89' lang='lat' dir='ltr'><strong>eorumque</strong></span> <span class='ocrx_word' id='word_1_7' title='bbox 976 547 1006 610; x_wconf 93' lang='lat' dir='ltr'><strong>in</strong></span> <span class='ocrx_word' id='word_1_8' title='bbox 1037 555 1186 627; x_wconf 79' lang='lat' dir='ltr'><strong>potestate</strong></span> <span class='ocrx_word' id='word_1_9' title='bbox 1216 547 1334 630; x_wconf 83' lang='lat' dir='ltr'><strong>haberi,</strong></span> 
     </span>
     <span class='ocr_line' id='line_1_3' title="bbox 232 652 1335 742; baseline -0.006 -13"><span class='ocrx_word' id='word_1_10' title='bbox 232 665 334 730; x_wconf 85' lang='lat' dir='ltr'><strong>Siwah</strong></span> <span class='ocrx_word' id='word_1_11' title='bbox 357 664 443 728; x_wconf 83' lang='lat' dir='ltr'><strong>Oasis</strong></span> <span class='ocrx_word' id='word_1_12' title='bbox 465 661 580 726; x_wconf 78' lang='lat' dir='ltr'><strong>incolae</strong></span> <span class='ocrx_word' id='word_1_13' title='bbox 609 659 780 723; x_wconf 80' lang='lat' dir='ltr'><strong>etiamnunc</strong></span> <span class='ocrx_word' id='word_1_14' title='bbox 802 655 930 721; x_wconf 91' lang='lat' dir='ltr'><strong>credunt</strong></span> <span class='ocrx_word' id='word_1_15' title='bbox 942 653 983 742; x_wconf 86' lang='lat'><strong>¹).</strong></span> <span class='ocrx_word' id='word_1_16' title='bbox 1027 652 1137 720; x_wconf 87' lang='lat' dir='ltr'><strong>Mirum</strong></span> <span class='ocrx_word' id='word_1_17' title='bbox 1165 666 1223 736; x_wconf 87' lang='lat' dir='ltr'><strong>est,</strong></span> <span class='ocrx_word' id='word_1_18' title='bbox 1253 659 1335 740; x_wconf 93' lang='lat' dir='ltr'><strong>quod</strong></span> 
     </span>
     <span class='ocr_line' id='line_1_4' title="bbox 232 769 1334 852; baseline -0.005 -14"><span class='ocrx_word' id='word_1_19' title='bbox 232 773 382 840; x_wconf 75' lang='lat' dir='ltr'><strong>Macarius</strong></span> <span class='ocrx_word' id='word_1_20' title='bbox 403 773 608 851; x_wconf 86' lang='lat' dir='ltr'><strong>daemonibus,</strong></span> <span class='ocrx_word' id='word_1_21' title='bbox 630 769 753 852; x_wconf 85' lang='lat' dir='ltr'><strong>cognito</strong></span> <span class='ocrx_word' id='word_1_22' title='bbox 768 776 962 833; x_wconf 90' lang='lat' dir='ltr'><strong>monumento</strong></span> <span class='ocrx_word' id='word_1_23' title='bbox 984 785 1019 830; x_wconf 90' lang='lat' dir='ltr'><strong>se</strong></span> <span class='ocrx_word' id='word_1_24' title='bbox 1040 783 1233 832; x_wconf 85' lang='lat' dir='ltr'><strong>recessurum</strong></span> <span class='ocrx_word' id='word_1_25' title='bbox 1253 785 1334 846; x_wconf 87' lang='lat' dir='ltr'><strong>osse,</strong></span> 
     </span>
     <span class='ocr_line' id='line_1_5' title="bbox 231 877 1334 968; baseline -0.008 -18"><span class='ocrx_word' id='word_1_26' title='bbox 231 886 290 950; x_wconf 92' lang='lat' dir='ltr'><strong>tide</strong></span> <span class='ocrx_word' id='word_1_27' title='bbox 313 888 380 952; x_wconf 87' lang='lat' dir='ltr'><strong>data</strong></span> <span class='ocrx_word' id='word_1_28' title='bbox 401 885 546 968; x_wconf 84' lang='lat' dir='ltr'><strong>promisit.</strong></span> <span class='ocrx_word' id='word_1_29' title='bbox 567 882 644 946; x_wconf 88' lang='lat' dir='ltr'><strong>Nam</strong></span> <span class='ocrx_word' id='word_1_30' title='bbox 665 883 827 945; x_wconf 89' lang='lat' dir='ltr'><strong>daemones</strong></span> <span class='ocrx_word' id='word_1_31' title='bbox 849 880 970 942; x_wconf 89' lang='lat' dir='ltr'><strong>omnino</strong></span> <span class='ocrx_word' id='word_1_32' title='bbox 992 895 1054 942; x_wconf 90' lang='lat' dir='ltr'><strong>non</strong></span> <span class='ocrx_word' id='word_1_33' title='bbox 1076 877 1241 942; x_wconf 84' lang='lat' dir='ltr'><strong>audiendos</strong></span> <span class='ocrx_word' id='word_1_34' title='bbox 1263 895 1334 943; x_wconf 90' lang='lat' dir='ltr'><strong>esse</strong></span> 
     </span>
     <span class='ocr_line' id='line_1_6' title="bbox 230 987 1334 1078; baseline -0.008 -17"><span class='ocrx_word' id='word_1_35' title='bbox 230 997 260 1061; x_wconf 88' lang='lat' dir='ltr'><strong>S.</strong></span> <span class='ocrx_word' id='word_1_36' title='bbox 290 996 441 1060; x_wconf 81' lang='lat' dir='ltr'><strong>Antonius</strong></span> <span class='ocrx_word' id='word_1_37' title='bbox 472 993 574 1058; x_wconf 89' lang='lat' dir='ltr'><strong>docuit</strong></span> <span class='ocrx_word' id='word_1_38' title='bbox 584 991 628 1078; x_wconf 85' lang='lat'><strong>²).</strong></span> <span class='ocrx_word' id='word_1_39' title='bbox 682 987 718 1056; x_wconf 88' lang='lat' dir='ltr'><strong>ln</strong></span> <span class='ocrx_word' id='word_1_40' title='bbox 750 992 873 1072; x_wconf 90' lang='lat' dir='ltr'><strong>antiqua</strong></span> <span class='ocrx_word' id='word_1_41' title='bbox 907 991 1048 1054; x_wconf 76' lang='lat' dir='ltr'><strong>versione</strong></span> <span class='ocrx_word' id='word_1_42' title='bbox 1079 989 1228 1054; x_wconf 83' lang='lat' dir='ltr'><strong>Macarius</strong></span> <span class='ocrx_word' id='word_1_43' title='bbox 1256 989 1334 1052; x_wconf 91' lang='lat' dir='ltr'><strong>haec</strong></span> 
     </span>
     <span class='ocr_line' id='line_1_7' title="bbox 159 1101 1334 1198; baseline -0.005 -28"><span class='ocrx_word' id='word_1_44' title='bbox 159 1185 166 1190; x_wconf 84' lang='lat'><strong>.</strong></span> <span class='ocrx_word' id='word_1_45' title='bbox 232 1113 347 1170; x_wconf 88' lang='lat' dir='ltr'><strong>tantum</strong></span> <span class='ocrx_word' id='word_1_46' title='bbox 374 1105 482 1168; x_wconf 88' lang='lat' dir='ltr'><strong>verbe:</strong></span> <span class='ocrx_word' id='word_1_47' title='bbox 520 1104 665 1198; x_wconf 79' lang='lat' dir='ltr'><strong>„Oportet</strong></span> <span class='ocrx_word' id='word_1_48' title='bbox 694 1121 741 1166; x_wconf 89' lang='lat' dir='ltr'><strong>me</strong></span> <span class='ocrx_word' id='word_1_49' title='bbox 771 1101 891 1185; x_wconf 84' lang='lat' dir='ltr'><strong>ingredi</strong></span> <span class='ocrx_word' id='word_1_50' title='bbox 918 1109 948 1164; x_wconf 91' lang='lat' dir='ltr'><strong>et</strong></span> <span class='ocrx_word' id='word_1_51' title='bbox 976 1101 1100 1164; x_wconf 85' lang='lat' dir='ltr'><strong>videre“</strong></span> <span class='ocrx_word' id='word_1_52' title='bbox 1138 1101 1334 1182; x_wconf 87' lang='lat' dir='ltr'><strong>respondisse</strong></span> 
     </span>
     <span class='ocr_line' id='line_1_8' title="bbox 229 1209 1332 1298; baseline -0.005 -17"><span class='ocrx_word' id='word_1_53' title='bbox 229 1217 452 1298; x_wconf 85' lang='lat' dir='ltr'><strong>daemonesque</strong></span> <span class='ocrx_word' id='word_1_54' title='bbox 474 1233 534 1279; x_wconf 90' lang='lat' dir='ltr'><strong>non</strong></span> <span class='ocrx_word' id='word_1_55' title='bbox 556 1231 665 1278; x_wconf 89' lang='lat' dir='ltr'><strong>curans</strong></span> <span class='ocrx_word' id='word_1_56' title='bbox 688 1215 818 1278; x_wconf 86' lang='lat' dir='ltr'><strong>intrasse</strong></span> <span class='ocrx_word' id='word_1_57' title='bbox 838 1213 951 1295; x_wconf 83' lang='lat' dir='ltr'><strong>legitur</strong></span> <span class='ocrx_word' id='word_1_58' title='bbox 965 1209 1006 1298; x_wconf 81' lang='lat'><strong>¹).</strong></span> <span class='ocrx_word' id='word_1_59' title='bbox 1035 1213 1122 1288; x_wconf 82' lang='lat' dir='ltr'><strong>Quod</strong></span> <span class='ocrx_word' id='word_1_60' title='bbox 1145 1221 1244 1278; x_wconf 88' lang='lat' dir='ltr'><strong>tamen</strong></span> <span class='ocrx_word' id='word_1_61' title='bbox 1266 1220 1332 1277; x_wconf 86' lang='lat' dir='ltr'><strong>tex·</strong></span> 
     </span>
     <span class='ocr_line' id='line_1_9' title="bbox 231 1318 1330 1406; baseline -0.009 -15"><span class='ocrx_word' id='word_1_62' title='bbox 231 1327 276 1391; x_wconf 90' lang='lat' dir='ltr'><strong>tui</strong></span> <span class='ocrx_word' id='word_1_63' title='bbox 308 1327 456 1406; x_wconf 82' lang='lat' dir='ltr'><strong>codicum,</strong></span> <span class='ocrx_word' id='word_1_64' title='bbox 489 1318 653 1391; x_wconf 77' lang='lat' dir='ltr'><strong>editionum</strong></span> <span class='ocrx_word' id='word_1_65' title='bbox 689 1331 919 1403; x_wconf 88' lang='lat' dir='ltr'><strong>ceterarumque</strong></span> <span class='ocrx_word' id='word_1_66' title='bbox 958 1321 1132 1386; x_wconf 85' lang='lat' dir='ltr'><strong>versionum</strong></span> <span class='ocrx_word' id='word_1_67' title='bbox 1171 1332 1330 1406; x_wconf 89' lang='lat' dir='ltr'><strong>repugnat.</strong></span> 
     </span>
     <span class='ocr_line' id='line_1_10' title="bbox 228 1431 1330 1526; baseline -0.004 -26"><span class='ocrx_word' id='word_1_68' title='bbox 228 1436 334 1526; x_wconf 79' lang='lat' dir='ltr'><strong>ideque</strong></span> <span class='ocrx_word' id='word_1_69' title='bbox 356 1437 504 1501; x_wconf 80' lang='lat' dir='ltr'><strong>Macarius</strong></span> <span class='ocrx_word' id='word_1_70' title='bbox 526 1453 600 1499; x_wconf 92' lang='lat' dir='ltr'><strong>vere</strong></span> <span class='ocrx_word' id='word_1_71' title='bbox 622 1441 742 1517; x_wconf 89' lang='lat' dir='ltr'><strong>pactum</strong></span> <span class='ocrx_word' id='word_1_72' title='bbox 771 1431 1056 1500; x_wconf 84' lang='lat' dir='ltr'><strong>condaemonibus</strong></span> <span class='ocrx_word' id='word_1_73' title='bbox 1077 1433 1155 1515; x_wconf 88' lang='lat' dir='ltr'><strong>iniit,</strong></span> <span class='ocrx_word' id='word_1_74' title='bbox 1184 1434 1239 1498; x_wconf 91' lang='lat' dir='ltr'><strong>sed</strong></span> <span class='ocrx_word' id='word_1_75' title='bbox 1268 1433 1330 1512; x_wconf 82' lang='lat' dir='ltr'><strong>illa,</strong></span> 
     </span>
     <span class='ocr_line' id='line_1_11' title="bbox 227 1543 1331 1627; baseline -0.005 -15"><span class='ocrx_word' id='word_1_76' title='bbox 227 1557 261 1612; x_wconf 92' lang='lat' dir='ltr'><strong>ut</strong></span> <span class='ocrx_word' id='word_1_77' title='bbox 283 1548 443 1610; x_wconf 87' lang='lat' dir='ltr'><strong>daemones</strong></span> <span class='ocrx_word' id='word_1_78' title='bbox 465 1547 656 1626; x_wconf 87' lang='lat' dir='ltr'><strong>recederent,</strong></span> <span class='ocrx_word' id='word_1_79' title='bbox 683 1553 790 1626; x_wconf 87' lang='lat' dir='ltr'><strong>sponte</strong></span> <span class='ocrx_word' id='word_1_80' title='bbox 821 1545 966 1627; x_wconf 89' lang='lat' dir='ltr'><strong>promisit.</strong></span> <span class='ocrx_word' id='word_1_81' title='bbox 1011 1543 1155 1608; x_wconf 87' lang='lat' dir='ltr'><strong>Diabolus</strong></span> <span class='ocrx_word' id='word_1_82' title='bbox 1176 1543 1244 1623; x_wconf 90' lang='lat' dir='ltr'><strong>iste,</strong></span> <span class='ocrx_word' id='word_1_83' title='bbox 1278 1544 1331 1626; x_wconf 91' lang='lat' dir='ltr'><strong>qui</strong></span> 
     </span>
     <span class='ocr_line' id='line_1_12' title="bbox 226 1655 1330 1738; baseline -0.006 -15"><span class='ocrx_word' id='word_1_84' title='bbox 226 1659 358 1723; x_wconf 88' lang='lat' dir='ltr'><strong>Macario</strong></span> <span class='ocrx_word' id='word_1_85' title='bbox 375 1665 599 1721; x_wconf 89' lang='lat' dir='ltr'><strong>monumentum</strong></span> <span class='ocrx_word' id='word_1_86' title='bbox 619 1657 744 1721; x_wconf 85' lang='lat' dir='ltr'><strong>intranti</strong></span> <span class='ocrx_word' id='word_1_87' title='bbox 765 1657 872 1719; x_wconf 90' lang='lat' dir='ltr'><strong>stricto</strong></span> <span class='ocrx_word' id='word_1_88' title='bbox 894 1655 995 1738; x_wconf 89' lang='lat' dir='ltr'><strong>gladic</strong></span> <span class='ocrx_word' id='word_1_89' title='bbox 1017 1655 1135 1718; x_wconf 90' lang='lat' dir='ltr'><strong>obviam</strong></span> <span class='ocrx_word' id='word_1_90' title='bbox 1157 1655 1278 1718; x_wconf 89' lang='lat' dir='ltr'><strong>venisse</strong></span> <span class='ocrx_word' id='word_1_91' title='bbox 1297 1655 1330 1718; x_wconf 90' lang='lat' dir='ltr'><strong>in</strong></span> 
     </span>
     <span class='ocr_line' id='line_1_13' title="bbox 227 1765 1329 1849; baseline -0.007 -13"><span class='ocrx_word' id='word_1_92' title='bbox 227 1771 355 1849; x_wconf 83' lang='lat' dir='ltr'><strong>duabus,</strong></span> <span class='ocrx_word' id='word_1_93' title='bbox 387 1778 421 1834; x_wconf 94' lang='lat' dir='ltr'><strong>ut</strong></span> <span class='ocrx_word' id='word_1_94' title='bbox 443 1770 622 1849; x_wconf 88' lang='lat' dir='ltr'><strong>monuimus,</strong></span> <span class='ocrx_word' id='word_1_95' title='bbox 658 1766 821 1830; x_wconf 89' lang='lat' dir='ltr'><strong>Lausiacae</strong></span> <span class='ocrx_word' id='word_1_96' title='bbox 853 1765 1044 1830; x_wconf 86' lang='lat' dir='ltr'><strong>versionibus</strong></span> <span class='ocrx_word' id='word_1_97' title='bbox 1080 1765 1156 1830; x_wconf 85' lang='lat' dir='ltr'><strong>falso</strong></span> <span class='ocrx_word' id='word_1_98' title='bbox 1188 1765 1329 1845; x_wconf 89' lang='lat' dir='ltr'><strong>traditur,</strong></span> 
     </span>
     <span class='ocr_line' id='line_1_14' title="bbox 228 1875 1330 1962; baseline -0.003 -17"><span class='ocrx_word' id='word_1_99' title='bbox 228 1882 356 1946; x_wconf 89' lang='lat' dir='ltr'><strong>daemon</strong></span> <span class='ocrx_word' id='word_1_100' title='bbox 378 1881 518 1962; x_wconf 88' lang='lat' dir='ltr'><strong>princeps</strong></span> <span class='ocrx_word' id='word_1_101' title='bbox 539 1875 611 1944; x_wconf 84' lang='lat' dir='ltr'><strong>&#39;esse</strong></span> <span class='ocrx_word' id='word_1_102' title='bbox 631 1880 762 1958; x_wconf 84' lang='lat' dir='ltr'><strong>videtur,</strong></span> <span class='ocrx_word' id='word_1_103' title='bbox 785 1879 836 1960; x_wconf 91' lang='lat' dir='ltr'><strong>qui</strong></span> <span class='ocrx_word' id='word_1_104' title='bbox 857 1885 984 1942; x_wconf 87' lang='lat' dir='ltr'><strong>testante</strong></span> <span class='ocrx_word' id='word_1_105' title='bbox 1005 1877 1035 1944; x_wconf 88' lang='lat' dir='ltr'><strong>S.</strong></span> <span class='ocrx_word' id='word_1_106' title='bbox 1050 1875 1195 1958; x_wconf 81' lang='lat' dir='ltr'><strong>Antonio,</strong></span> <span class='ocrx_word' id='word_1_107' title='bbox 1218 1877 1330 1942; x_wconf 87' lang='lat' dir='ltr'><strong>ceteris</strong></span> 
     </span>
     <span class='ocr_line' id='line_1_15' title="bbox 228 1987 1329 2072; baseline -0.006 -16"><span class='ocrx_word' id='word_1_108' title='bbox 228 1991 423 2056; x_wconf 91' lang='lat' dir='ltr'><strong>daemonibus</strong></span> <span class='ocrx_word' id='word_1_109' title='bbox 445 1990 604 2072; x_wconf 84' lang='lat' dir='ltr'><strong>superatis,</strong></span> <span class='ocrx_word' id='word_1_110' title='bbox 625 1991 691 2071; x_wconf 88' lang='lat' dir='ltr'><strong>ipse</strong></span> <span class='ocrx_word' id='word_1_111' title='bbox 715 1988 855 2070; x_wconf 80' lang='lat' dir='ltr'><strong>„advenit</strong></span> <span class='ocrx_word' id='word_1_112' title='bbox 875 1988 1012 2052; x_wconf 87' lang='lat' dir='ltr'><strong>horribili</strong></span> <span class='ocrx_word' id='word_1_113' title='bbox 1034 1987 1140 2070; x_wconf 83' lang='lat' dir='ltr'><strong>forma,</strong></span> <span class='ocrx_word' id='word_1_114' title='bbox 1168 1996 1201 2051; x_wconf 93' lang='lat' dir='ltr'><strong>ut</strong></span> <span class='ocrx_word' id='word_1_115' title='bbox 1223 1997 1329 2052; x_wconf 91' lang='lat' dir='ltr'><strong>terro-</strong></span> 
     </span>
     <span class='ocr_line' id='line_1_16' title="bbox 227 2097 1330 2182; baseline -0.002 -16"><span class='ocrx_word' id='word_1_116' title='bbox 227 2119 293 2166; x_wconf 85' lang='lat' dir='ltr'><strong>rem</strong></span> <span class='ocrx_word' id='word_1_117' title='bbox 313 2103 447 2182; x_wconf 81' lang='lat' dir='ltr'><strong>incutiat,</strong></span> <span class='ocrx_word' id='word_1_118' title='bbox 458 2101 609 2182; x_wconf 88' lang='lat' dir='ltr'><strong>multaque</strong></span> <span class='ocrx_word' id='word_1_119' title='bbox 629 2102 753 2180; x_wconf 78' lang='lat' dir='ltr'><strong>iactitat,</strong></span> <span class='ocrx_word' id='word_1_120' title='bbox 775 2097 830 2163; x_wconf 91' lang='lat' dir='ltr'><strong>sed</strong></span> <span class='ocrx_word' id='word_1_121' title='bbox 843 2100 995 2180; x_wconf 83' lang='lat' dir='ltr'><strong>mentitur,</strong></span> <span class='ocrx_word' id='word_1_122' title='bbox 1017 2117 1075 2162; x_wconf 91' lang='lat' dir='ltr'><strong>nec</strong></span> <span class='ocrx_word' id='word_1_123' title='bbox 1087 2099 1330 2164; x_wconf 80' lang='lat' dir='ltr'><strong>extimescendus</strong></span> 
     </span>
     <span class='ocr_line' id='line_1_17' title="bbox 227 2210 1329 2296; baseline -0.004 -20"><span class='ocrx_word' id='word_1_124' title='bbox 227 2221 285 2292; x_wconf 87' lang='lat' dir='ltr'><strong>est,</strong></span> <span class='ocrx_word' id='word_1_125' title='bbox 313 2214 382 2294; x_wconf 90' lang='lat' dir='ltr'><strong>quia</strong></span> <span class='ocrx_word' id='word_1_126' title='bbox 411 2232 465 2294; x_wconf 89' lang='lat' dir='ltr'><strong>per</strong></span> <span class='ocrx_word' id='word_1_127' title='bbox 487 2211 597 2277; x_wconf 81' lang='lat' dir='ltr'><strong>Christi</strong></span> <span class='ocrx_word' id='word_1_128' title='bbox 626 2210 755 2296; x_wconf 88' lang='lat' dir='ltr'><strong>gratiam</strong></span> <span class='ocrx_word' id='word_1_129' title='bbox 786 2229 863 2273; x_wconf 89' lang='lat' dir='ltr'><strong>vana</strong></span> <span class='ocrx_word' id='word_1_130' title='bbox 890 2219 961 2274; x_wconf 90' lang='lat' dir='ltr'><strong>sunt</strong></span> <span class='ocrx_word' id='word_1_131' title='bbox 988 2211 1120 2274; x_wconf 89' lang='lat' dir='ltr'><strong>omniurn</strong></span> <span class='ocrx_word' id='word_1_132' title='bbox 1148 2211 1329 2275; x_wconf 80' lang='lat' dir='ltr'><strong>daemonum·</strong></span> 
     </span>
     <span class='ocr_line' id='line_1_18' title="bbox 226 2320 1329 2407; baseline -0.004 -21"><span class='ocrx_word' id='word_1_133' title='bbox 226 2320 451 2407; x_wconf 56' lang='lat' dir='ltr'><strong>nohmiraffl).</strong></span> <span class='ocrx_word' id='word_1_134' title='bbox 474 2323 534 2385; x_wconf 86' lang='lat' dir='ltr'><strong>Res</strong></span> <span class='ocrx_word' id='word_1_135' title='bbox 556 2339 642 2402; x_wconf 87' lang='lat' dir='ltr'><strong>vero,</strong></span> <span class='ocrx_word' id='word_1_136' title='bbox 664 2335 738 2404; x_wconf 87' lang='lat' dir='ltr'><strong>quas</strong></span> <span class='ocrx_word' id='word_1_137' title='bbox 760 2321 908 2385; x_wconf 86' lang='lat' dir='ltr'><strong>Macarius</strong></span> <span class='ocrx_word' id='word_1_138' title='bbox 923 2331 1146 2386; x_wconf 89' lang='lat' dir='ltr'><strong>monumentum</strong></span> <span class='ocrx_word' id='word_1_139' title='bbox 1168 2323 1329 2404; x_wconf 87' lang='lat' dir='ltr'><strong>ingressus</strong></span> 
     </span>
     <span class='ocr_line' id='line_1_19' title="bbox 226 2429 1328 2514; baseline -0.003 -18"><span class='ocrx_word' id='word_1_140' title='bbox 226 2433 352 2512; x_wconf 84' lang='lat' dir='ltr'><strong>invenit,</strong></span> <span class='ocrx_word' id='word_1_141' title='bbox 382 2432 489 2496; x_wconf 91' lang='lat' dir='ltr'><strong>eadum</strong></span> <span class='ocrx_word' id='word_1_142' title='bbox 518 2447 645 2495; x_wconf 89' lang='lat' dir='ltr'><strong>aeneum</strong></span> <span class='ocrx_word' id='word_1_143' title='bbox 680 2441 787 2496; x_wconf 89' lang='lat' dir='ltr'><strong>catena</strong></span> <span class='ocrx_word' id='word_1_144' title='bbox 815 2429 915 2494; x_wconf 88' lang='lat' dir='ltr'><strong>ferrea</strong></span> <span class='ocrx_word' id='word_1_145' title='bbox 942 2450 982 2494; x_wconf 86' lang='lat' dir='ltr'><strong>ex</strong></span> <span class='ocrx_word' id='word_1_146' title='bbox 1015 2442 1106 2514; x_wconf 87' lang='lat' dir='ltr'><strong>puteo</strong></span> <span class='ocrx_word' id='word_1_147' title='bbox 1135 2431 1328 2514; x_wconf 87' lang='lat' dir='ltr'><strong>pendentem,</strong></span> 
     </span>
     <span class='ocr_line' id='line_1_20' title="bbox 227 2535 1329 2624; baseline -0.004 -17"><span class='ocrx_word' id='word_1_148' title='bbox 227 2543 368 2624; x_wconf 91' lang='lat' dir='ltr'><strong>malaque</strong></span> <span class='ocrx_word' id='word_1_149' title='bbox 389 2543 571 2607; x_wconf 89' lang='lat' dir='ltr'><strong>intrinsecus</strong></span> <span class='ocrx_word' id='word_1_150' title='bbox 600 2559 705 2622; x_wconf 90' lang='lat' dir='ltr'><strong>vacua,</strong></span> <span class='ocrx_word' id='word_1_151' title='bbox 735 2559 753 2603; x_wconf 89' lang='lat' dir='ltr'><strong>a</strong></span> <span class='ocrx_word' id='word_1_152' title='bbox 785 2539 915 2605; x_wconf 89' lang='lat' dir='ltr'><strong>Palladio</strong></span> <span class='ocrx_word' id='word_1_153' title='bbox 944 2535 1032 2604; x_wconf 88' lang='grc' dir='ltr'><strong><em>Ῥόαι</em></strong></span> <span class='ocrx_word' id='word_1_154' title='bbox 1064 2552 1182 2623; x_wconf 82' lang='lat' dir='ltr'><strong>vocata,</strong></span> <span class='ocrx_word' id='word_1_155' title='bbox 1211 2541 1329 2622; x_wconf 86' lang='lat' dir='ltr'><strong>ullaque</strong></span> 
     </span>
     <span class='ocr_line' id='line_1_21' title="bbox 226 2651 1329 2736; baseline -0.004 -18"><span class='ocrx_word' id='word_1_156' title='bbox 226 2653 374 2718; x_wconf 86' lang='lat' dir='ltr'><strong>eiusmodi</strong></span> <span class='ocrx_word' id='word_1_157' title='bbox 417 2653 448 2716; x_wconf 92' lang='lat' dir='ltr'><strong>in</strong></span> <span class='ocrx_word' id='word_1_158' title='bbox 488 2651 620 2736; x_wconf 76' lang='lat' dir='ltr'><strong>Aegypti</strong></span> <span class='ocrx_word' id='word_1_159' title='bbox 663 2651 832 2734; x_wconf 87' lang='lat' dir='ltr'><strong>sepulchris</strong></span> <span class='ocrx_word' id='word_1_160' title='bbox 870 2651 1030 2716; x_wconf 91' lang='lat' dir='ltr'><strong>hodiedum</strong></span> <span class='ocrx_word' id='word_1_161' title='bbox 1073 2653 1220 2733; x_wconf 84' lang='lat' dir='ltr'><strong>inveniri,</strong></span> <span class='ocrx_word' id='word_1_162' title='bbox 1251 2669 1329 2714; x_wconf 66' lang='lat' dir='ltr'><strong>‘non</strong></span> 
     </span>
     <span class='ocr_line' id='line_1_22' title="bbox 226 2761 1327 2848; baseline -0.003 -19"><span class='ocrx_word' id='word_1_163' title='bbox 226 2774 273 2829; x_wconf 92' lang='lat' dir='ltr'><strong>est</strong></span> <span class='ocrx_word' id='word_1_164' title='bbox 295 2764 376 2846; x_wconf 91' lang='lat' dir='ltr'><strong>quod</strong></span> <span class='ocrx_word' id='word_1_165' title='bbox 397 2763 533 2844; x_wconf 88' lang='lat' dir='ltr'><strong>pluribus</strong></span> <span class='ocrx_word' id='word_1_166' title='bbox 555 2761 660 2826; x_wconf 90' lang='lat' dir='ltr'><strong>dicam.</strong></span> <span class='ocrx_word' id='word_1_167' title='bbox 715 2761 763 2826; x_wconf 81' lang='lat' dir='ltr'><strong>Ac</strong></span> <span class='ocrx_word' id='word_1_168' title='bbox 784 2761 867 2826; x_wconf 88' lang='lat' dir='ltr'><strong>lraus</strong></span> <span class='ocrx_word' id='word_1_169' title='bbox 900 2763 950 2826; x_wconf 92' lang='lat' dir='ltr'><strong>illa</strong></span> <span class='ocrx_word' id='word_1_170' title='bbox 982 2763 1109 2846; x_wconf 88' lang='lat' dir='ltr'><strong>diaboli,</strong></span> <span class='ocrx_word' id='word_1_171' title='bbox 1150 2767 1201 2848; x_wconf 93' lang='lat' dir='ltr'><strong>qui</strong></span> <span class='ocrx_word' id='word_1_172' title='bbox 1231 2783 1327 2828; x_wconf 89' lang='lat' dir='ltr'><strong>arun·</strong></span> 
     </span>
     <span class='ocr_line' id='line_1_23' title="bbox 226 2873 1328 2958; baseline 0.001 -21"><span class='ocrx_word' id='word_1_173' title='bbox 226 2874 312 2938; x_wconf 91' lang='lat' dir='ltr'><strong>dines</strong></span> <span class='ocrx_word' id='word_1_174' title='bbox 341 2874 421 2954; x_wconf 82' lang='lat' dir='ltr'><strong>signi</strong></span> <span class='ocrx_word' id='word_1_175' title='bbox 448 2891 539 2936; x_wconf 91' lang='lat' dir='ltr'><strong>eausa</strong></span> <span class='ocrx_word' id='word_1_176' title='bbox 565 2873 597 2936; x_wconf 92' lang='lat' dir='ltr'><strong>in</strong></span> <span class='ocrx_word' id='word_1_177' title='bbox 627 2874 675 2936; x_wconf 90' lang='lat' dir='ltr'><strong>via</strong></span> <span class='ocrx_word' id='word_1_178' title='bbox 702 2875 815 2954; x_wconf 89' lang='lat' dir='ltr'><strong>positas</strong></span> <span class='ocrx_word' id='word_1_179' title='bbox 837 2873 1013 2957; x_wconf 86' lang='lat' dir='ltr'><strong>collegerat,</strong></span> <span class='ocrx_word' id='word_1_180' title='bbox 1045 2876 1194 2958; x_wconf 85' lang='lat' dir='ltr'><strong>virgoque</strong></span> <span class='ocrx_word' id='word_1_181' title='bbox 1216 2875 1328 2938; x_wconf 89' lang='lat' dir='ltr'><strong>munda</strong></span> 
     </span>
     <span class='ocr_line' id='line_1_24' title="bbox 226 2983 1327 3071; baseline 0.005 -26"><span class='ocrx_word' id='word_1_182' title='bbox 226 2991 313 3047; x_wconf 85' lang='lat' dir='ltr'><strong>veste</strong></span> <span class='ocrx_word' id='word_1_183' title='bbox 333 2983 447 3062; x_wconf 91' lang='lat' dir='ltr'><strong>induta,</strong></span> <span class='ocrx_word' id='word_1_184' title='bbox 480 3001 556 3063; x_wconf 90' lang='lat' dir='ltr'><strong>quac</strong></span> <span class='ocrx_word' id='word_1_185' title='bbox 576 3001 683 3045; x_wconf 90' lang='lat' dir='ltr'><strong>urnam</strong></span> <span class='ocrx_word' id='word_1_186' title='bbox 713 3002 788 3065; x_wconf 91' lang='lat' dir='ltr'><strong>aqua</strong></span> <span class='ocrx_word' id='word_1_187' title='bbox 814 2987 976 3050; x_wconf 89' lang='lat' dir='ltr'><strong>stillantem</strong></span> <span class='ocrx_word' id='word_1_188' title='bbox 1006 2987 1038 3049; x_wconf 90' lang='lat' dir='ltr'><strong>in</strong></span> <span class='ocrx_word' id='word_1_189' title='bbox 1068 2988 1168 3068; x_wconf 90' lang='lat' dir='ltr'><strong>capite</strong></span> <span class='ocrx_word' id='word_1_190' title='bbox 1200 2995 1327 3071; x_wconf 84' lang='lat' dir='ltr'><strong>gestans</strong></span> 
     </span>
     <span class='ocr_line' id='line_1_25' title="bbox 226 3091 1328 3180; baseline 0.005 -25"><span class='ocrx_word' id='word_1_191' title='bbox 226 3091 339 3156; x_wconf 82' lang='lat' dir='ltr'><strong>fessum</strong></span> <span class='ocrx_word' id='word_1_192' title='bbox 361 3111 464 3156; x_wconf 90' lang='lat' dir='ltr'><strong>senem</strong></span> <span class='ocrx_word' id='word_1_193' title='bbox 486 3102 549 3156; x_wconf 93' lang='lat' dir='ltr'><strong>tres</strong></span> <span class='ocrx_word' id='word_1_194' title='bbox 570 3093 635 3156; x_wconf 90' lang='lat' dir='ltr'><strong>dies</strong></span> <span class='ocrx_word' id='word_1_195' title='bbox 657 3095 850 3177; x_wconf 88' lang='lat' dir='ltr'><strong>provocabat,</strong></span> <span class='ocrx_word' id='word_1_196' title='bbox 879 3115 957 3180; x_wconf 84' lang='lat' dir='ltr'><strong>grex</strong></span> <span class='ocrx_word' id='word_1_197' title='bbox 979 3096 1107 3180; x_wconf 91' lang='lat' dir='ltr'><strong>denique</strong></span> <span class='ocrx_word' id='word_1_198' title='bbox 1135 3094 1328 3178; x_wconf 62' lang='lat' dir='ltr'><strong>bubalom</strong></span> 
     </span>
     <span class='ocr_line' id='line_1_26' title="bbox 225 3205 1328 3286; baseline 0.003 -19"><span class='ocrx_word' id='word_1_199' title='bbox 225 3205 278 3286; x_wconf 91' lang='lat' dir='ltr'><strong>qui</strong></span> <span class='ocrx_word' id='word_1_200' title='bbox 306 3205 356 3266; x_wconf 93' lang='lat' dir='ltr'><strong>siti</strong></span> <span class='ocrx_word' id='word_1_201' title='bbox 377 3221 553 3284; x_wconf 90' lang='lat' dir='ltr'><strong>oppressum</strong></span> <span class='ocrx_word' id='word_1_202' title='bbox 583 3206 720 3285; x_wconf 87' lang='lat' dir='ltr'><strong>nutrivit,</strong></span> <span class='ocrx_word' id='word_1_203' title='bbox 747 3207 890 3271; x_wconf 91' lang='lat' dir='ltr'><strong>virtutem</strong></span> <span class='ocrx_word' id='word_1_204' title='bbox 918 3207 1174 3280; x_wconf 82' lang='lat' dir='ltr'><strong>etccnstantiam</strong></span> <span class='ocrx_word' id='word_1_205' title='bbox 1201 3207 1328 3272; x_wconf 87' lang='lat' dir='ltr'><strong>Macarii</strong></span> 
     </span>
     <span class='ocr_line' id='line_1_27' title="bbox 226 3315 1327 3400; baseline 0.001 -20"><span class='ocrx_word' id='word_1_206' title='bbox 226 3315 403 3397; x_wconf 86' lang='lat' dir='ltr'><strong>divinaeque</strong></span> <span class='ocrx_word' id='word_1_207' title='bbox 426 3317 540 3399; x_wconf 86' lang='lat' dir='ltr'><strong>gratiae</strong></span> <span class='ocrx_word' id='word_1_208' title='bbox 561 3315 591 3378; x_wconf 92' lang='lat' dir='ltr'><strong>ei</strong></span> <span class='ocrx_word' id='word_1_209' title='bbox 612 3316 779 3397; x_wconf 88' lang='lat' dir='ltr'><strong>impertitae</strong></span> <span class='ocrx_word' id='word_1_210' title='bbox 801 3317 1035 3400; x_wconf 79' lang='lat' dir='ltr'><strong>magnitudinem</strong></span> <span class='ocrx_word' id='word_1_211' title='bbox 1056 3319 1226 3384; x_wconf 85' lang='lat' dir='ltr'><strong>ostendunt.</strong></span> <span class='ocrx_word' id='word_1_212' title='bbox 1258 3317 1327 3381; x_wconf 81' lang='lat' dir='ltr'><strong>Ru-</strong></span> 
     </span>
     <span class='ocr_line' id='line_1_28' title="bbox 224 3419 1324 3508; baseline -0.003 -19"><span class='ocrx_word' id='word_1_213' title='bbox 224 3425 284 3489; x_wconf 90' lang='lat' dir='ltr'><strong>bali</strong></span> <span class='ocrx_word' id='word_1_214' title='bbox 305 3434 404 3490; x_wconf 91' lang='lat' dir='ltr'><strong>autern</strong></span> <span class='ocrx_word' id='word_1_215' title='bbox 425 3427 538 3489; x_wconf 89' lang='lat' dir='ltr'><strong>circum</strong></span> <span class='ocrx_word' id='word_1_216' title='bbox 552 3423 667 3492; x_wconf 88' lang='lat' dir='ltr'><strong>Nitriae</strong></span> <span class='ocrx_word' id='word_1_217' title='bbox 679 3427 804 3508; x_wconf 90' lang='lat' dir='ltr'><strong>paludes</strong></span> <span class='ocrx_word' id='word_1_218' title='bbox 825 3419 985 3491; x_wconf 91' lang='lat' dir='ltr'><strong>hodiedum</strong></span> <span class='ocrx_word' id='word_1_219' title='bbox 1007 3429 1184 3492; x_wconf 86' lang='lat' dir='ltr'><strong>creberrimi</strong></span> <span class='ocrx_word' id='word_1_220' title='bbox 1205 3435 1276 3490; x_wconf 86' lang='lat' dir='ltr'><strong>sunt</strong></span> <span class='ocrx_word' id='word_1_221' title='bbox 1287 3430 1324 3504; x_wconf 84' lang='lat'><strong>⁵).</strong></span> 
     </span>
     <span class='ocr_line' id='line_1_29' title="bbox 223 3535 1326 3604; baseline -0.001 -5"><span class='ocrx_word' id='word_1_222' title='bbox 223 3535 362 3600; x_wconf 89' lang='lat' dir='ltr'><strong>Narratio</strong></span> <span class='ocrx_word' id='word_1_223' title='bbox 383 3555 458 3600; x_wconf 91' lang='lat' dir='ltr'><strong>vero</strong></span> <span class='ocrx_word' id='word_1_224' title='bbox 485 3535 555 3599; x_wconf 92' lang='lat' dir='ltr'><strong>libri</strong></span> <span class='ocrx_word' id='word_1_225' title='bbox 583 3537 708 3601; x_wconf 91' lang='lat' dir='ltr'><strong>secundi</strong></span> <span class='ocrx_word' id='word_1_226' title='bbox 729 3537 768 3600; x_wconf 95' lang='lat' dir='ltr'><strong>de</strong></span> <span class='ocrx_word' id='word_1_227' title='bbox 798 3537 905 3601; x_wconf 90' lang='lat' dir='ltr'><strong>ecdem</strong></span> <span class='ocrx_word' id='word_1_228' title='bbox 926 3549 1119 3604; x_wconf 91' lang='lat' dir='ltr'><strong>monumento</strong></span> <span class='ocrx_word' id='word_1_229' title='bbox 1153 3557 1171 3602; x_wconf 90' lang='lat' dir='ltr'><strong>a</strong></span> <span class='ocrx_word' id='word_1_230' title='bbox 1191 3537 1326 3602; x_wconf 90' lang='lat' dir='ltr'><strong>Macerio</strong></span> 
     </span>
     <span class='ocr_line' id='line_1_30' title="bbox 223 3645 1325 3730; baseline -0.003 -19"><span class='ocrx_word' id='word_1_231' title='bbox 223 3647 290 3712; x_wconf 91' lang='lat' dir='ltr'><strong>viso</strong></span> <span class='ocrx_word' id='word_1_232' title='bbox 318 3645 404 3727; x_wconf 86' lang='lat' dir='ltr'><strong>fama,</strong></span> <span class='ocrx_word' id='word_1_233' title='bbox 436 3655 469 3710; x_wconf 92' lang='lat' dir='ltr'><strong>ut</strong></span> <span class='ocrx_word' id='word_1_234' title='bbox 503 3646 670 3728; x_wconf 84' lang='lat' dir='ltr'><strong>docuimus,</strong></span> <span class='ocrx_word' id='word_1_235' title='bbox 699 3645 791 3730; x_wconf 44' lang='lat' dir='ltr'><strong>,valde</strong></span> <span class='ocrx_word' id='word_1_236' title='bbox 818 3647 978 3728; x_wconf 88' lang='lat' dir='ltr'><strong>depravata</strong></span> <span class='ocrx_word' id='word_1_237' title='bbox 1004 3647 1126 3714; x_wconf 90' lang='lat' dir='ltr'><strong>Palladii</strong></span> <span class='ocrx_word' id='word_1_238' title='bbox 1158 3646 1325 3712; x_wconf 89' lang='lat' dir='ltr'><strong>narrationi</strong></span> 
     </span>
     <span class='ocr_line' id='line_1_31' title="bbox 221 3755 1325 3848; baseline -0.003 -26"><span class='ocrx_word' id='word_1_239' title='bbox 221 3755 423 3848; x_wconf 89' lang='lat' dir='ltr'><strong>posthabenda</strong></span> <span class='ocrx_word' id='word_1_240' title='bbox 466 3764 533 3844; x_wconf 77' lang='lat' dir='ltr'><strong>est.⁴</strong></span> <span class='ocrx_word' id='word_1_241' title='bbox 577 3756 677 3839; x_wconf 78' lang='lat' dir='ltr'><strong>Atque</strong></span> <span class='ocrx_word' id='word_1_242' title='bbox 720 3758 811 3822; x_wconf 91' lang='lat' dir='ltr'><strong>istum</strong></span> <span class='ocrx_word' id='word_1_243' title='bbox 847 3775 1004 3844; x_wconf 87' lang='lat' dir='ltr'><strong>magorum</strong></span> <span class='ocrx_word' id='word_1_244' title='bbox 1037 3759 1158 3825; x_wconf 89' lang='lat' dir='ltr'><strong>hortum</strong></span> <span class='ocrx_word' id='word_1_245' title='bbox 1186 3757 1325 3822; x_wconf 89' lang='lat' dir='ltr'><strong>manibus</strong></span> 
     </span>
    </p>
   </div>
   <div class='ocr_carea' id='block_1_3' title="bbox 218 3899 470 3908">
    <p class='ocr_par' dir='ltr' id='par_1_3' title="bbox 218 3899 470 3908">
     <span class='ocr_line' id='line_1_32' title="bbox 218 3899 470 3908; baseline -0.004 0"><span class='ocrx_word' id='word_1_246' title='bbox 218 3899 470 3908; x_wconf 49' lang='lat' dir='ltr'><strong>u———u-a-—uffl-</strong></span> 
     </span>
    </p>
   </div>
   <div class='ocr_carea' id='block_1_4' title="bbox 246 3971 1322 4392">
    <p class='ocr_par' dir='ltr' id='par_1_4' title="bbox 251 3971 609 4038">
     <span class='ocr_line' id='line_1_33' title="bbox 251 3971 609 4038; baseline -0.003 -11"><span class='ocrx_word' id='word_1_247' title='bbox 251 3973 279 4038; x_wconf 84' lang='lat'><strong>1)</strong></span> <span class='ocrx_word' id='word_1_248' title='bbox 299 3971 418 4024; x_wconf 91' lang='lat' dir='ltr'><strong>Minutoli</strong></span> <span class='ocrx_word' id='word_1_249' title='bbox 438 3971 457 4028; x_wconf 85' lang='lat' dir='ltr'><strong>l.</strong></span> <span class='ocrx_word' id='word_1_250' title='bbox 477 3971 494 4027; x_wconf 89' lang='lat' dir='ltr'><strong>l.</strong></span> <span class='ocrx_word' id='word_1_251' title='bbox 514 3987 540 4038; x_wconf 89' lang='lat' dir='ltr'><strong>p.</strong></span> <span class='ocrx_word' id='word_1_252' title='bbox 563 3971 609 4027; x_wconf 86' lang='grc'><strong>82.</strong></span> 
     </span>
    </p>

    <p class='ocr_par' dir='ltr' id='par_1_5' title="bbox 248 4057 1265 4130">
     <span class='ocr_line' id='line_1_34' title="bbox 248 4057 1265 4130; baseline 0 -18"><span class='ocrx_word' id='word_1_253' title='bbox 248 4059 278 4126; x_wconf 92' lang='grc'><strong>2)</strong></span> <span class='ocrx_word' id='word_1_254' title='bbox 298 4061 357 4112; x_wconf 81' lang='lat' dir='ltr'><strong>vita</strong></span> <span class='ocrx_word' id='word_1_255' title='bbox 378 4062 405 4118; x_wconf 85' lang='lat' dir='ltr'><strong>S.</strong></span> <span class='ocrx_word' id='word_1_256' title='bbox 423 4059 529 4114; x_wconf 77' lang='lat' dir='ltr'><strong>Antonii</strong></span> <span class='ocrx_word' id='word_1_257' title='bbox 550 4075 607 4127; x_wconf 90' lang='lat' dir='ltr'><strong>cap.</strong></span> <span class='ocrx_word' id='word_1_258' title='bbox 627 4057 674 4116; x_wconf 80' lang='grc'><strong>24.</strong></span> <span class='ocrx_word' id='word_1_259' title='bbox 697 4060 743 4115; x_wconf 91' lang='grc'><strong>25.</strong></span> <span class='ocrx_word' id='word_1_260' title='bbox 763 4059 791 4110; x_wconf 91' lang='lat' dir='ltr'><strong>in</strong></span> <span class='ocrx_word' id='word_1_261' title='bbox 811 4057 879 4126; x_wconf 88' lang='lat' dir='ltr'><strong>Opp.</strong></span> <span class='ocrx_word' id='word_1_262' title='bbox 898 4059 992 4112; x_wconf 82' lang='lat' dir='ltr'><strong>Athen.</strong></span> <span class='ocrx_word' id='word_1_263' title='bbox 1009 4059 1026 4116; x_wconf 90' lang='lat' dir='ltr'><strong>l.</strong></span> <span class='ocrx_word' id='word_1_264' title='bbox 1045 4059 1064 4117; x_wconf 86' lang='lat' dir='ltr'><strong>l.</strong></span> <span class='ocrx_word' id='word_1_265' title='bbox 1083 4075 1110 4129; x_wconf 83' lang='lat' dir='ltr'><strong>p.</strong></span> <span class='ocrx_word' id='word_1_266' title='bbox 1129 4060 1186 4114; x_wconf 87' lang='grc'><strong>550</strong></span> <span class='ocrx_word' id='word_1_267' title='bbox 1207 4075 1265 4130; x_wconf 88' lang='lat' dir='ltr'><strong>sqq.</strong></span> 
     </span>
    </p>

    <p class='ocr_par' dir='ltr' id='par_1_6' title="bbox 246 4147 717 4212">
     <span class='ocr_line' id='line_1_35' title="bbox 246 4147 717 4212; baseline 0.008 -13"><span class='ocrx_word' id='word_1_268' title='bbox 246 4147 279 4212; x_wconf 87' lang='grc'><strong>3)</strong></span> <span class='ocrx_word' id='word_1_269' title='bbox 299 4149 354 4200; x_wconf 85' lang='lat' dir='ltr'><strong>VV.</strong></span> <span class='ocrx_word' id='word_1_270' title='bbox 376 4149 425 4202; x_wconf 85' lang='lat' dir='ltr'><strong>l&#39;l’.</strong></span> <span class='ocrx_word' id='word_1_271' title='bbox 449 4149 535 4200; x_wconf 81' lang='lat' dir='ltr'><strong>lloaw.</strong></span> <span class='ocrx_word' id='word_1_272' title='bbox 558 4162 583 4212; x_wconf 96' lang='lat' dir='ltr'><strong>p.</strong></span> <span class='ocrx_word' id='word_1_273' title='bbox 604 4147 670 4210; x_wconf 85' lang='grc'><strong>992,</strong></span> <span class='ocrx_word' id='word_1_274' title='bbox 693 4150 717 4204; x_wconf 86' lang='grc'><strong>1.</strong></span> 
     </span>
    </p>

    <p class='ocr_par' dir='ltr' id='par_1_7' title="bbox 247 4221 1322 4392">
     <span class='ocr_line' id='line_1_36' title="bbox 247 4221 1322 4310; baseline 0.004 -24"><span class='ocrx_word' id='word_1_275' title='bbox 247 4231 280 4294; x_wconf 79' lang='lat'><strong>4)</strong></span> <span class='ocrx_word' id='word_1_276' title='bbox 300 4221 357 4286; x_wconf 78' lang='lat' dir='ltr'><strong>ira</strong></span> <span class='ocrx_word' id='word_1_277' title='bbox 379 4237 405 4287; x_wconf 90' lang='lat' dir='ltr'><strong>s.</strong></span> <span class='ocrx_word' id='word_1_278' title='bbox 426 4237 532 4289; x_wconf 74' lang='lat' dir='ltr'><strong>aaroni</strong></span> <span class='ocrx_word' id='word_1_279' title='bbox 552 4251 609 4302; x_wconf 76' lang='lat' dir='ltr'><strong>cap.</strong></span> <span class='ocrx_word' id='word_1_280' title='bbox 630 4229 704 4292; x_wconf 80' lang='lat'><strong>241.</strong></span> <span class='ocrx_word' id='word_1_281' title='bbox 725 4236 743 4286; x_wconf 87' lang='lat' dir='ltr'><strong>r.</strong></span> <span class='ocrx_word' id='word_1_282' title='bbox 765 4249 791 4300; x_wconf 80' lang='lat' dir='ltr'><strong>p.</strong></span> <span class='ocrx_word' id='word_1_283' title='bbox 811 4235 877 4291; x_wconf 82' lang='lat' dir='ltr'><strong>oso.</strong></span> <span class='ocrx_word' id='word_1_284' title='bbox 1319 4304 1322 4310; x_wconf 21' lang='grc' dir='ltr'>Ι</span> 
     </span>
     <span class='ocr_line' id='line_1_37' title="bbox 251 4323 1216 4392; baseline 0 -17"><span class='ocrx_word' id='word_1_285' title='bbox 251 4323 280 4387; x_wconf 84' lang='grc'><strong>5)</strong></span> <span class='ocrx_word' id='word_1_286' title='bbox 302 4323 419 4375; x_wconf 88' lang='lat' dir='ltr'><strong>Minutoli</strong></span> <span class='ocrx_word' id='word_1_287' title='bbox 438 4323 457 4380; x_wconf 84' lang='lat' dir='ltr'><strong>l.</strong></span> <span class='ocrx_word' id='word_1_288' title='bbox 477 4324 494 4381; x_wconf 90' lang='lat' dir='ltr'><strong>l.</strong></span> <span class='ocrx_word' id='word_1_289' title='bbox 514 4339 540 4392; x_wconf 85' lang='lat' dir='ltr'><strong>p.</strong></span> <span class='ocrx_word' id='word_1_290' title='bbox 561 4323 626 4379; x_wconf 83' lang='grc'><strong>206.</strong></span> <span class='ocrx_word' id='word_1_291' title='bbox 665 4323 706 4376; x_wconf 79' lang='lat' dir='ltr'><strong>Gi.</strong></span> <span class='ocrx_word' id='word_1_292' title='bbox 730 4323 796 4376; x_wconf 79' lang='lat' dir='ltr'><strong>Misi.</strong></span> <span class='ocrx_word' id='word_1_293' title='bbox 818 4323 895 4382; x_wconf 82' lang='lat' dir='ltr'><strong>haus.</strong></span> <span class='ocrx_word' id='word_1_294' title='bbox 914 4323 956 4382; x_wconf 87' lang='lat' dir='ltr'><strong>ed.</strong></span> <span class='ocrx_word' id='word_1_295' title='bbox 976 4323 1070 4377; x_wconf 87' lang='lat' dir='ltr'><strong>Meurs.</strong></span> <span class='ocrx_word' id='word_1_296' title='bbox 1091 4339 1148 4392; x_wconf 85' lang='lat' dir='ltr'><strong>cap.</strong></span> <span class='ocrx_word' id='word_1_297' title='bbox 1169 4323 1216 4377; x_wconf 86' lang='grc'><strong>51.</strong></span> 
     </span>
    </p>
   </div>
   <div class='ocr_carea' id='block_1_5' title="bbox 0 0 1492 4964">
    <p class='ocr_par' dir='ltr' id='par_1_8' title="bbox 0 0 1492 4964">
     <span class='ocr_line' id='line_1_38' title="bbox 0 0 1492 4964; baseline 0 3"><span class='ocrx_word' id='word_1_298' title='bbox 0 0 1492 4964; x_wconf 95' lang='lat' dir='ltr'><strong> </strong></span> 
     </span>
    </p>
   </div>
  </div>
 </body>
</html>
