2990 4986
634 353 879 426 ..32-

92 629 99 646 ,
206 553 276 618 libri
297 552 423 616 secundi
444 554 595 634 interpres
610 511 735 616 nunnus
757 561 813 632 est,
836 553 887 633 qui
908 551 1017 615 librum
1040 553 1070 613 in
1092 569 1159 615 eam
1181 551 1308 614 formam

207 665 338 746 redegit,
367 681 443 743 quae
470 681 550 726 nunc
579 663 715 728 babetur.
765 663 892 727 Accedit
924 663 1112 742 coniectura,
1141 661 1308 725 Heraclidis

207 775 336 840 fortasse
357 773 466 837 librum
488 773 591 853 luisse,
615 793 633 836 e
655 793 714 854 quo
727 774 797 837 libri
816 774 942 838 secundi
962 776 1094 856 scriptor
1115 780 1146 838 et
1160 772 1307 836 Palladius

205 886 381 950 hauserunt.
425 887 617 966 Quantopere
647 903 723 949 vero
746 885 908 967 optandum
930 887 980 965 sit,
1008 895 1043 950 ut
1071 886 1207 968 singulae
1228 885 1337 947 vitae‘

206 1003 322 1075 patrmn
345 995 500 1077 hucusque
523 1013 585 1058 non
615 997 721 1076 editae,
750 1015 875 1077 quarum
897 995 1008 1060 multos
1029 996 1150 1059 codices
1179 1013 1308 1078 graecos

205 1107 237 1168 in
264 1106 453 1170 bibliothecis
486 1107 626 1187 vidimus,
658 1125 716 1170 nec
745 1125 806 1170 non
827 1105 993 1170 Heraclidis
1021 1106 1196 1186 paradisus,
1230 1107 1306 1172 Hist

204 1219 347 1282 Lausiaca
375 1217 498 1279 Palladii
530 1235 735 1300 graecumque
766 1218 837 1280 libri
867 1217 992 1280 secundi
1023 1217 1121 1280 nostri
1154 1217 1308 1298 exemplar

205 1329 333 1392 edantur
356 1328 404 1390 vel
436 1329 473 1392 ad
496 1329 629 1393 melioris
651 1330 721 1393 fidei
743 1330 865 1393 codices
893 1329 1092 1409 excedantur,
1121 1330 1201 1392 unde
1229 1347 1308 1392 nova

204 1440 257 1504 lux
279 1441 367 1502 huius
378 1441 561 1531 quaestionis
580 1442 655 1504 oriri
676 1441 782 1522 possit,
803 1440 891 1503 facile
912 1447 1002 1520 patet.

212 1579 214 1586 ’
291 1563 438 1642 Expedita
465 1563 523 1625 iam
553 1563 590 1625 de
618 1563 697 1626 libro
729 1562 863 1626 secundo
886 1563 1061 1642 quaestione
1090 1561 1128 1624 de
1149 1561 1256 1624 Rufino
1277 1561 1308 1625 id

205 1671 303 1734 solum
325 1681 418 1737 restat
440 1673 631 1752 monendum,
654 1673 743 1736 alium
766 1675 889 1754 insuper
919 1672 1031 1736 fontem
1052 1671 1246 1735 historiarum
1269 1673 1307 1736 de

204 1782 342 1847 llacariis
376 1785 412 1846 ab
448 1803 486 1848 eo
515 1784 652 1848 relictum
685 1801 755 1848 esse
788 1785 819 1848 in
853 1781 1094 1846 continuatione
1123 1783 1172 1844 illa
1207 1786 1307 1864 operis

207 1893 339 1974 Eusebii‚
363 1914 451 1975 quarn
473 1897 561 1959 modo
583 1897 777 1959 laudavimus.

287 2029 319 2110 §.
345 2028 373 2092 t.
417 2029 456 2092 Et
484 2029 557 2092 haec
586 2029 706 2110 quidem
737 2031 774 2092 de
802 2029 918 2096 Rufino.
962 2029 1049 2093 Nunc
1079 2031 1114 2092 ad
1142 2029 1307 2112 Euagrium

203 2141 402 2227 transeamus,
425 2141 477 2220 qui
497 2139 581 2202 varia
603 2141 640 2202 de
662 2139 785 2202 senibus
807 2140 919 2219 scripta
940 2141 1072 2220 reliquit,
1096 2141 1247 2220 inquibus
1269 2141 1307 2203 de

203 2249 334 2312 Macaria
357 2259 405 2314 ter
426 2257 538 2314 tanturn
561 2249 703 2330 loquitur.
747 2249 814 2310 Euit
836 2249 861 2310 is
884 2258 955 2312 natu
977 2251 1072 2312 maior
1091 2251 1235 2328 Palladio;
1259 2253 1307 2314 bic

204 2362 283 2422 enirn
307 2361 385 2440 apud
407 2361 562 2424 Socratem
580 2357 610 2442 ¹)
633 2359 713 2421 illius
735 2357 898 2438 discipulus
928 2359 1103 2439 appellatur,
1131 2362 1172 2423 ita
1196 2371 1306 2442 tamen,

202 2483 236 2538 ut
258 2471 356 2553 paullo
379 2479 447 2552 post
476 2477 604 2532 mortem
626 2468 758 2532 Valentis
781 2469 929 2550 Augusti,
952 2473 1003 2550 qui
1030 2489 1108 2533 anno
1131 2469 1194 2534 378
1222 2473 1307 2552 obiit,

203 2591 332 2664 uterque
353 2581 498 2645 floruerit.
544 2581 695 2661 Euagrius
718 2581 748 2641 in
772 2579 980 2644 solitudinibus
1002 2583 1135 2664 Aegypti
1164 2583 1228 2662 ipse
1250 2602 1303 2646 so-

202 2694 330 2758 litariam
361 2695 453 2757 vitam
487 2693 571 2755 duxit
603 2701 634 2755 et
664 2691 793 2754 Palladio
822 2701 901 2755 teste
934 2694 1148 2775 quinquaginta
1177 2703 1306 2775 quatuor

204 2821 298 2867 annos
320 2814 405 2868 natus
427 2805 458 2865 in
481 2804 641 2866 solitudine
664 2805 790 2866 animam
813 2803 924 2866 efflavit
938 2801 980 2887 ²).
1025 2805 1108 2866 Unus
1130 2823 1169 2867 ex
1191 2814 1305 2886 septem

204 2915 294 2978 sociis
323 2913 388 2991 luit,
417 2913 496 2974 inter
526 2932 602 2994 quos
632 2914 779 2978 Palladius
810 2923 840 2977 et
868 2914 939 2975 libri
968 2899 1092 2977 secundi
1108 2915 1255 2994 ,scriptor
1288 2933 1306 2976 e

205 3023 301 3087 Nitria
321 3023 358 3086 ad
379 3021 525 3086 loannem
547 3025 577 3087 in
599 3025 681 3106 Lyco
704 3023 832 3106 proiecti
855 3034 933 3088 sunt.
951 3021 983 3108 ⁵)
1027 3024 1163 3105 Scriptor
1184 3023 1305 3105 quidem

205 3131 263 3196 iste
284 3133 449 3215 Euagrium
478 3136 509 3197 in
532 3135 632 3198 Celliis
658 3131 793 3217 vidit⁴);
823 3135 973 3217 Euagrius
1002 3135 1068 3214 ipse
1097 3135 1126 3196 in
1153 3133 1237 3199 libris
1266 3135 1304 3198 ad

204 3244 376 3308 Anatolium
399 3247 524 3308 amicum
552 3247 671 3326 scriptis
694 3264 728 3308 se
757 3247 788 3307 in
810 3247 897 3310 Scete
926 3245 1063 3308 residere
1090 3245 1257 3325 profitetur.
1271 3235 1303 3329 ⁵)

205 3359 302 3432 Quum
330 3357 480 3440 Euagrius
516 3359 613 3421 tribus
650 3353 730 3422 solis¹
751 3357 826 3421 locis
844 3355 876 3440 6)
913 3357 951 3418 de
980 3355 1117 3419 Macariis
1153 3357 1303 3437 loquatur,

205 3483 304 3546 neque
338 3468 375 3530 de
414 3487 543 3549 quonam
573 3469 703 3532 Macerio
732 3477 853 3545 narret„
879 3466 991 3546 ubique
1028 3467 1192 3546 addiderit,
1233 3469 1304 3530 licet

205 3585 303 3642 aetate
332 3581 442 3644 ceteris
464 3557 621 3650 antecedat
654 3590 684 3644 et
716 3597 775 3642 una
809 3596 877 3640 cum
898 3577 1036 3644 Macariis
1064 3578 1175 3644 inillis
1198 3579 1305 3660 regio-

235 3876 261 3946 t)
284 3879 349 3936 Hist.
369 3879 469 3933 Ecclec.
491 3881 536 3942 1v,
559 3881 594 3933 23
615 3879 656 3934 ed.
677 3877 783 3930 Valerii.
805 3878 874 3945 lllog.
895 3878 980 3952 uolt,
995 3893 1021 3945 p.
1041 3877 1105 3934 238.

226 3969 260 4041 β)
281 3969 347 4024 llist.
367 3968 448 4024 Laus„
465 3983 522 4033 cap.
542 3967 580 4020 88
601 3965 668 4032 Opp.
690 3966 824 4022 neerei.
845 3965 862 4022 l.
881 3982 906 4033 p.
927 3961 992 4024 549.
1020 4015 1022 4022 ,

205 4099 210 4106 .
230 4057 259 4122 3)
280 4057 320 4108 De
339 4057 388 4115 hac
407 4073 435 4108 re
457 4071 535 4121 supra
555 4071 581 4120 p.
605 4058 644 4110 21,
663 4055 857 4122 disputavimus.
893 4105 894 4112 ,

206 4141 261 4209 ‚dl
281 4148 344 4204 ¹VV.
364 4149 416 4200 Pl).
436 4143 525 4199 llosw.
546 4143 591 4196 lib.
613 4145 638 4194 ll
659 4159 714 4210 cap.
738 4147 772 4200 at
794 4159 820 4212 p.
840 4141 907 4208 479,
932 4151 954 4200 1.

206 4287 210 4297 ,
231 4232 260 4297 5)
281 4231 348 4287 Bibl.
370 4231 434 4284 Gall.
457 4231 484 4288 T.
504 4231 552 4282 Vll
563 4247 588 4298 p.
610 4233 674 4288 553.

230 4320 260 4384 o)
282 4319 347 4374 tntu.
369 4335 392 4385 p.
415 4319 479 4372 scr.
503 4319 566 4374 coo.

1468 1666 1475 1761 l
