2990 4986
593 337 910 420 ··-52-

241 555 362 638 afferre,
395 554 449 620 sed
475 565 578 615 eamus
606 547 643 611 ad
671 544 843 628 sepulchra;
877 543 904 606 si
930 558 1022 604 unnm
1044 558 1083 602 ex
1109 537 1151 601 ibi
1172 534 1340 600 iacentibus

241 665 446 743 suscitaveris,
476 663 568 726 sciam
595 675 651 722 vos
672 658 750 719 bene
772 655 885 719 sentire
891 673 901 729 3
930 653 994 733 ipse
1021 667 1081 734 ego
1113 648 1242 712 animam
1273 644 1340 708 sine

242 796 372 859 corpore
394 775 524 838 alleram.
569 769 696 834 Sanctus
718 783 793 830 vero
814 763 962 828 Macarius
990 760 1027 824 ad
1056 759 1231 840 episcopum
1263 771 1340 816 oon-

241 907 364 954 versus:
387 885 522 958 Multum,
543 881 648 960 inquit,
670 876 755 940 nefas
774 893 856 954 sane,
878 874 973 936 Deum
996 879 1125 948 tentare,
1146 885 1245 946 neque
1267 864 1340 946 dig-

241 1009 379 1063 naturum
402 1012 471 1058 csse
494 1009 563 1055 eum
585 997 709 1070 propter
731 1005 823 1048 uuum
846 984 1070 1048 daemoniacum
1100 987 1213 1045 tantum
1237 974 1340 1036 lacere

241 1109 359 1190 signum
383 1103 511 1168 confido.
556 1099 727 1180 Respondet
748 1097 920 1176 episcopus:
949 1092 1081 1170 Minime,
1102 1098 1198 1170 pater,
1222 1103 1340 1147 verun-

240 1229 340 1282 tamen
361 1223 487 1299 propter
509 1221 601 1278 totam
623 1211 815 1272 vicinitatem.
838 1207 922 1268 luno
944 1205 1084 1266 abierunt
1107 1200 1145 1264 ad
1166 1196 1338 1279 sepulchra.

240 1329 345 1408 Incipit
366 1327 517 1390 llieracita
539 1325 682 1386 invocare
704 1321 890 1396 daemonem,
918 1315 972 1378 sed
1001 1313 1121 1376 minime
1150 1308 1248 1390 potuit
1270 1305 1340 1368 ani-

239 1458 318 1504 mam
340 1456 470 1502 evocara
492 1445 612 1498 tenuem
634 1451 669 1496 ac
690 1431 809 1493 nudam.
855 1429 951 1502 Quum
973 1425 1066 1506 igitur
1092 1421 1164 1484 nihil
1185 1417 1340 1482 effecisset

239 1553 320 1636 (ipsi
341 1551 420 1613 enim
441 1565 551 1610 revera
572 1542 759 1626 repugnabat
785 1539 909 1621 spiritus
938 1530 1091 1616 sanctus),
1121 1533 1173 1596 iis:
1208 1531 1338 1608 Propter

238 1661 487 1738 incredulitatem,
515 1657 620 1738 inquit,
647 1663 779 1718 vestram
809 1667 869 1712 non
900 1664 1023 1728 possum
1045 1644 1170 1708 animam
1193 1655 1338 1702 evocare.

238 1773 342 1837 Statim
364 1771 511 1834 Macarius
533 1767 706 1850 indignatus
728 1781 827 1847 genna
849 1761 951 1838 flectit,
977 1755 1050 1820 nihil
1079 1772 1154 1817 vero
1187 1749 1338 1832 promisit,

239 1892 270 1946 et
291 1901 381 1962 quum
403 1900 493 1943 unam
514 1879 620 1942 horam
641 1879 672 1938 in
695 1877 834 1939 oratione
860 1875 1095 1952 perseverasset,
1117 1867 1149 1927 in
1170 1868 1338 1942 conspectu

238 1994 370 2056 omniurn
398 1990 542 2066 surrexit,
571 1965 602 2050 et
635 1985 796 2064 sepulchro
825 1981 919 2061 palma
947 1977 1063 2058 pulsato
1093 1973 1214 2058 (baculi
1244 1973 1337 2049 enirn,

239 2103 346 2182 quihus
369 2100 507 2162 monachi
528 2099 607 2159 illius
629 2093 764 2176 regionis
785 2079 921 2168 utuntur,
948 2089 1022 2150 rami
1044 2087 1209 2168 palmarum
1232 2080 1338 2166 sunt),

238 2213 390 2276 hominem
412 2209 535 2271 suscitat
556 2225 616 2268 non
638 2206 668 2266 in
691 2214 773 2266 terra
794 2201 956 2279 defossum,
978 2216 1075 2278 nuper
1098 2205 1262 2272 mortuum,
1285 2193 1341 2256 sed

239 2341 278 2384 ex
311 2321 440 2400 antiquis
463 2318 601 2398 aliquem.
647 2316 721 2376 Tum
745 2313 893 2376 llieracita
913 2320 1035 2374 vocato:
1067 2311 1196 2384 Quaere,
1232 2304 1341 2384 inquit,

167 2452 184 2495 ·.·
239 2451 279 2494 ex
299 2431 369 2508 boc,
391 2447 463 2492 num
485 2429 648 2492 suscitetur
671 2443 791 2506 corpus.
835 2423 893 2498 Qui
921 2431 1003 2485 tanto
1025 2421 1114 2502 signo
1138 2419 1339 2494 exanimatus,

238 2547 394 2622 postquam
417 2539 543 2602 daemon
566 2539 603 2600 ab
626 2555 663 2600 eo
686 2537 835 2614 discessit,
858 2534 895 2596 ad
916 2532 1009 2612 pedes
1038 2529 1134 2594 sancti
1154 2528 1337 2609 provolutus

239 2660 285 2714 est
306 2667 374 2710 cum
396 2657 505 2711 cuncto
527 2647 648 2728 populo.
671 2648 769 2721 Ouum
792 2661 867 2706 vero
890 2661 959 2704 eum
981 2641 1121 2704 occidere
1142 2647 1339 2720 quaererent,

238 2759 387 2822 Macarius
406 2778 459 2822 eos
482 2759 645 2839 prohibuit,
668 2767 755 2836 atque
778 2757 807 2817 in
831 2771 965 2816 eremum
988 2771 1056 2814 curn
1071 2751 1204 2814 abduxit.
1228 2750 1338 2813 Susci-

238 2876 317 2933 tatus
346 2877 446 2930 autern
466 2869 681 2950 interrogatus,
713 2884 785 2928 num
807 2865 956 2926 Christum
984 2861 1188 2942 profiteretur,
1222 2859 1339 2923 dixisse

239 2975 347 3054 fertur,
369 2993 404 3038 se
425 2994 464 3038 ne
485 2977 636 3038 audivisse
657 2973 776 3054 quidem
798 2972 836 3034 de
858 2990 895 3043 eo
917 2972 948 3034 in
978 2971 1037 3032 vita
1064 2988 1126 3034 sua.
1173 2969 1339 3036 Pharaonis

240 3087 319 3148 enirn
349 3086 433 3166 regis
462 3094 597 3164 tempore
623 3103 656 3149 se
679 3085 792 3147 obiisse
814 3083 898 3160 dixit,
926 3081 1055 3162 ideoque
1076 3089 1145 3144 ante
1172 3079 1339 3142 adventurn

240 3195 349 3257 Christi
371 3195 455 3257 vixit.
499 3196 703 3274 Quemquam
725 3194 904 3273 baptizasset
925 3192 1083 3269 Macarius,
1107 3209 1211 3254 secum
1233 3191 1340 3252 habuit

239 3315 304 3368 tres
327 3321 431 3380 annos,
453 3304 560 3382 quibus
576 3304 684 3382 elapsis
706 3321 810 3364 veram
822 3302 872 3362 ille
884 3302 1094 3366 dormitionem
1108 3303 1263 3382 dormivit,
1285 3302 1339 3380 ita,

239 3420 274 3474 ut
303 3413 331 3472 ei
363 3420 480 3490 aptetur
520 3413 646 3474 verbum
675 3411 805 3474 domini:
836 3411 940 3490 Neque
970 3411 1018 3472 hio
1056 3411 1204 3490 peccavit,
1238 3428 1340 3490 neque

239 3530 380 3602 parentes
403 3523 477 3598 eius,
511 3523 564 3584 sed
586 3531 620 3584 ut
642 3523 796 3586 reveletur
820 3522 917 3602 gloria
941 3522 1005 3584 Dei.
1050 3522 1256 3603 Interrogavit
1279 3539 1339 3584 au-

237 3639 299 3692 tern
320 3633 477 3710 episcopus
499 3641 633 3693 sanctum
655 3631 827 3710 Macarium,
856 3649 893 3692 an
923 3650 982 3693 non
1011 3632 1108 3713 gloria
1137 3633 1168 3694 in
1192 3651 1247 3695 cor
1270 3631 1338 3694 cius

238 3739 417 3818 ascenderit,
451 3749 510 3801 tarn
539 3740 639 3803 multis
670 3750 738 3802 ante
767 3759 835 3802 eum
861 3742 1125 3822 procumbentibus
1154 3741 1193 3804 ob
1221 3750 1347 3804 tantum.

235 3852 364 3932 signum.
410 3849 464 3910 Cui
486 3849 662 3929 respondet:
697 3833 788 3912 Cuius
811 3868 864 3912 cor
887 3851 979 3912 otium
1001 3851 1089 3912 habet
1111 3851 1242 3932 gloriam
1259 3852 1339 3914 ⁴ho-

236 3961 347 4022 minum
370 3960 561 4040 respiciendi,
583 3959 610 4020 is
629 3958 725 4019 Deum
747 3959 876 4020 nondum
899 3963 1053 4041 cognovit.
1076 3963 1105 4024 ls
1129 3963 1221 4041 enim,
1244 3963 1339 4043 quid-

236 4069 307 4148 quid
329 4070 408 4150 lacit,
430 4069 600 4132 hominibus
623 4066 703 4130 lacit.
726 4067 783 4138 Qui
804 4084 879 4129 vero
893 4069 1002 4150 dignus
1022 4081 1070 4134 est
1091 4073 1211 4136 habitus
1233 4071 1339 4135 alllatu

234 4177 302 4254 Dei,
325 4179 350 4242 is
372 4182 403 4242 in
425 4179 520 4240 multo
543 4175 707 4265 certamine
728 4183 876 4252 versatur,
899 4181 983 4258 quasi
1005 4181 1035 4245 in
1057 4181 1207 4244 novacula
1229 4191 1338 4260 staret,

234 4287 353 4363 timens,
375 4307 413 4352 ne
436 4287 563 4350 decidat.
585 4282 664 4346 'lalis
677 4301 770 4346 unum
788 4285 887 4354 „solum
909 4287 997 4354 babet
1018 4289 1215 4371 desiderium,
1239 4310 1339 4374 egre-
