2990 4986
689 441 910 508 ..2.-

246 629 357 694 fratros
380 627 492 714 (Soete
521 629 643 692 nonina
673 628 842 693 blacariana
870 631 929 692 ista
956 645 1077 692 eremus
1104 637 1135 692 et
1164 628 1290 712 antiquis
1312 637 1342 692 et

244 739 359 801 nostris
390 737 575 816 temporibus
603 737 697 819 vulgo
730 734 926 820 appellatur),
957 753 1012 800 eos
1043 736 1202 817 nimirum,
1236 739 1287 818 qui
1307 740 1342 804 ab

245 847 393 928 Euaprio,
415 847 572 928 Ommano,
594 847 659 910 aliis
681 847 900 921 describuntur,
924 863 1051 909 cernere
1073 847 1225 911 crederes.
1246 849 1343 915 Aedi-

243 955 311 1018 iicia
344 955 466 1020 illorum
499 957 750 1021 monasteriorum
781 955 952 1018 etiamnunc
977 956 1120 1036 quadrata
1148 965 1199 1022 aut
1217 957 1344 1037 quadri-

248 1065 340 1149 lonpa
363 1065 460 1131 forma
481 1075 551 1132 sont
574 1077 605 1131 et
626 1065 737 1142 muris,
759 1065 837 1127 intra
858 1083 935 1146 quos
956 1067 1095 1132 hortulus
1116 1069 1258 1146 nutritur,
1284 1069 1342 1132 ob-

244 1187 341 1258 septa.
386 1178 516 1242 Caecum
537 1185 637 1240 autem
657 1191 761 1236 senem
775 1177 933 1256 quendem,
955 1177 1006 1256 qui
1027 1187 1076 1241 ter
1098 1177 1191 1240 altare
1210 1179 1343 1242 circum-

241 1285 309 1351 iens
341 1289 465 1351 iuvenili
494 1303 570 1350 uoce
592 1285 709 1348 alleluia
743 1287 885 1366 canebat,
918 1296 969 1351 aut
990 1306 1094 1351 senem
1115 1289 1198 1350 illum
1220 1297 1340 1352 centum

242 1397 350 1480 viginti
370 1415 533 1475 annorum,
567 1397 619 1476 qui
647 1395 723 1458 cella
745 1399 907 1478 egrediens
928 1399 1051 1462 abeunti
1073 1399 1286 1478 benedicebat,
1314 1400 1341 1462 si

242 1509 311 1588 quis
342 1508 468 1586 viderit,
501 1507 607 1570 eodem
637 1507 703 1570 sine
732 1507 834 1586 dubio,
866 1525 926 1587 quo
954 1507 1168 1586 tochendorf,
1199 1507 1342 1570 ineffabili

243 1620 446 1684 venerationis
462 1635 552 1680 sensu
574 1617 783 1697 perfundetur.
828 1617 948 1680 Circum
963 1636 1007 1694 ea,
1030 1618 1191 1698 quaedixi,
1213 1625 1342 1698 quatuor

245 1730 426 1792 monasteria
448 1737 478 1792 et
498 1726 613 1790 Nitriae
634 1737 764 1808 montes
797 1729 864 1808 qui,
885 1729 1047 1807 paullulum
1069 1729 1246 1806 eminentes,
1269 1729 1340 1790 istas

173 1839 179 1846 “
244 1838 275 1902 in
299 1839 394 1920 ampla
414 1837 492 1900 valle
514 1836 637 1918 paludes
660 1837 834 1915 includunt,
868 1838 898 1898 in
921 1839 1055 1900 arenosis
1077 1847 1165 1917 atque
1184 1837 1340 1900 immensis

242 1948 454 2014 solitudinibus
481 1948 551 2010 binc
573 1949 654 2010 illinc
677 1949 861 2010 creberrima
883 1949 1000 2011 moenia
1022 1947 1260 2028 conspiciuntur,
1289 1956 1339 2012 te-

241 2059 360 2138 stantia,
383 2067 491 2138 quanta
513 2057 584 2120 olim
606 2059 856 2122 monasteriorum
879 2059 963 2138 copia
985 2059 1026 2120 ibi
1049 2060 1182 2122 extiterit
1198 2063 1233 2134 ²).

326 2169 356 2250 §.
382 2174 411 2237 2.
457 2162 611 2232 Macarius
632 2169 693 2246 ille,
715 2170 801 2232 cuius
824 2169 945 2232 nomine
967 2187 1087 2232 eremus
1110 2179 1140 2233 et
1162 2169 1340 2235 monasteria

240 2278 399 2342 hodiedum
422 2279 607 2359 appellantur
629 2280 739 2359 (ipsius
761 2280 873 2361 imago,
902 2298 959 2359 qua
986 2279 1093 2342 baculo
1117 2280 1237 2342 innixus
1261 2297 1338 2341 con-

241 2391 376 2469 spicitur,
398 2391 465 2452 istic
480 2389 718 2470 frequentissima
731 2389 845 2473 estu),
868 2391 899 2453 ni
921 2392 1020 2456 omnnia
1036 2389 1150 2468 fallunt,
1172 2389 1340 2472 Aegyptius

239 2500 391 2566 Macarius
412 2500 479 2578 luit,
502 2503 617 2582 primus
640 2503 736 2566 Sectis
759 2501 926 2566 solitudinis
948 2501 1046 2564 incola
1059 2504 1091 2580 ³),
1120 2501 1219 2564 clarus
1240 2501 1341 2563 uirtu—
1376 2537 1385 2544 -
1493 2531 1494 2578 ,

240 2612 330 2690 tibus,
353 2613 499 2694 egregius
521 2621 609 2692 atque
631 2613 761 2676 invictus
783 2597 895 2678 athleta
916 2613 972 2676 Dei
990 2619 1023 2689 ⁴).
1068 2614 1114 2676 Ac
1144 2613 1261 2674 moenia
1290 2610 1340 2672 vi-

240 2721 318 2800 cina,
340 2715 418 2801 quae
438 2723 470 2785 in
491 2723 596 2786 mediis
618 2723 676 2785 illis
700 2723 829 2788 desertis
857 2723 1042 2786 creberrima
1070 2731 1193 2802 extant,
1216 2739 1339 2786 monas-

238 2831 403 2910 teriorum,
433 2852 510 2913 quae
537 2843 644 2912 quarto
668 2835 789 2898 saeculo
813 2835 926 2895 circum
953 2833 1091 2902 Nitriam„
1109 2841 1140 2895 et
1165 2833 1195 2894 in
1218 2831 1340 2894 Cellulis

239 2940 407 3008 floruerunt
438 2943 612 3022 innumera,
644 2943 834 3006 venerandae
870 2943 1051 3023 antiquitatis
1082 2925 1229 3022 ‘reliquiae
1259 2954 1339 3024 sunt,

239 3069 338 3130 neque
359 3053 469 3114 iniuste
490 3053 599 3116 fratres
611 3053 771 3116 biaoariani
794 3055 932 3116 coenobii
953 3073 991 3118 ex
1004 3055 1164 3118 traditione
1185 3064 1340 3118 monaste·

240 3163 318 3226 rium
340 3181 427 3227 suum
450 3172 518 3226 ante
540 3165 620 3227 mille
632 3165 812 3256 quingentos
835 3181 928 3226 annos
950 3164 1104 3228 fundatum
1126 3182 1195 3228 esse
1209 3175 1339 3230 conten-

240 3272 349 3334 derunt
364 3276 395 3350 ⁵),
419 3273 510 3353 quod,
533 3273 724 3336 licetnonde
738 3275 841 3351 muris,
864 3275 915 3354 qui
937 3292 1016 3337 nunc
1039 3283 1216 3354 cernuntur,
1239 3285 1339 3340 tamen

240 3382 278 3444 de
298 3383 394 3462 prima
416 3384 554 3449 coenobii
575 3382 749 3448 fundatione
770 3395 862 3449 certo
886 3385 944 3448 dici
973 3393 1081 3466 potest.
1126 3385 1190 3448 Nec
1218 3384 1338 3450 silentio

239 3493 459 3572 praetereunda
480 3509 549 3556 esse
569 3492 748 3574 perpulchra
768 3493 818 3556 illa
841 3495 959 3558 traditio
982 3495 1112 3574 videtur,
1135 3513 1194 3576 qua
1216 3505 1339 3576 praete-

265 3758 295 3823 1)
316 3756 490 3809 Tiscbendori
501 3758 524 3808 l.
537 3757 554 3808 l.
596 3756 626 3810 G.
649 3758 814 3814 Willrinson:
836 3761 942 3816 Modern
962 3759 1050 3828 Egypt
1070 3761 1120 3812 aad
1137 3759 1248 3812 Thebas.
1272 3757 1338 3814 Vol.

315 3843 337 3896 l.
362 3841 434 3898 1843
453 3860 480 3911 p.
500 3845 558 3898 382
578 3861 634 3914 sqq.

264 3931 294 4002 2)
314 3932 488 3986 Tiscbeodori
505 3933 524 3986 l.
545 3933 563 3986 l.
586 3949 613 4001 p.
635 3935 711 3996 123.

262 4021 294 4087 3)
315 4011 431 4080 Cassian.
451 4021 517 4080 Coll.
537 4023 584 4074 XV
604 4039 660 4092 cap.
681 4025 698 4078 3
719 4025 760 4081 cd.
782 4023 886 4076 Gazaei.
913 4025 983 4092 Lips.
1009 4025 1090 4083 1733.
1111 4041 1144 4091 p.¹
1159 4021 1226 4076 468.

261 4103 291 4176 4)
313 4109 428 4160 llistoria
448 4109 573 4162 Lausiaca
600 4110 710 4163 Palladii
731 4113 867 4176 Macarios,
894 4113 1050 4180 Aegyptium
1077 4121 1103 4164 et
1123 4105 1336 4172 Alexandrinum,

312 4205 390 4248 vocat
417 4202 560 4268 γενναίους
587 4198 692 4271 ἄνδρας
720 4204 766 4254 καὶ
797 4199 1027 4272 ἀκαταγωνίστους
1052 4199 1175 4267 ἀθλητάς.
1215 4199 1248 4255 cf.
1269 4199 1338 4251 inira

313 4292 390 4350 caput
410 4288 444 4340 Il.

244 4372 293 4437 fo)
312 4371 485 4426 Tischandori
503 4374 520 4425 l.
543 4373 561 4429 l.
588 4389 613 4441 p.
637 4375 700 4428 127.
