2990 4986
626 383 872 458 ...56-

204 589 329 670 longum
351 585 440 650 etiam
463 593 580 665 tempus
602 585 708 649 vivunt
719 581 760 668 ¹).
804 581 863 647 Sed
886 587 1021 646 mortuos
1045 581 1083 644 ad
1113 582 1305 662 responden-

206 699 276 764 dum
315 705 459 760 evocatos
499 713 568 760 esse
602 713 673 758 raro
720 695 881 758 invenitur.
946 693 1096 757 Macarius
1134 692 1305 778 Aegyptius

206 811 283 876 duos
303 807 377 870 alios
399 805 556 870 defunctos
566 803 611 889 ²),
640 824 701 868 non
731 806 860 886 quidem,
890 813 923 868 ut
954 813 1163 888 resurgerent,
1196 807 1250 870 sed
1272 814 1306 870 ut

206 941 225 986 e
254 919 367 986 tumulo
400 917 457 982 sibi
491 917 528 980 ad
560 918 749 999 interrogata
775 915 1005 998 responderent,
1035 917 1185 999 coegisse,
1215 925 1306 998 atque

207 1033 306 1110 etiam,
327 1037 360 1091 ut
382 1028 516 1090 cranium
538 1027 663 1090 alicuius
685 1025 828 1104 defuncti,
862 1025 942 1107 quod
964 1044 1056 1108 super
1078 1036 1161 1089 terra
1182 1027 1308 1107 invenit,

208 1142 265 1206 sibi
287 1140 324 1203 de
347 1139 454 1220 poenis
476 1137 585 1200 inferni
606 1137 784 1218 loqueretur
795 1134 838 1222 ³),
861 1136 998 1200 ellecisse
1018 1135 1125 1200 fertur.
1170 1136 1308 1200 Mortuus

207 1269 282 1316 vero
303 1251 341 1314 ad
363 1269 524 1332 corporum
546 1249 801 1312 resurrectionem
815 1248 997 1330 probandam
1020 1247 1217 1310 resuscitatus
1239 1265 1308 1312 esso
1339 1267 1351 1282 ·

208 1363 239 1424 in
267 1363 329 1426 vita
357 1361 388 1426 S.
411 1360 531 1425 Patricii
553 1378 673 1442 quoque
706 1359 792 1439 plone
825 1359 972 1422 consimili
1002 1357 1091 1421 modo
1123 1355 1307 1442 traditur⁴).

208 1474 284 1550 Quia
304 1472 451 1535 Palladius
473 1480 585 1548 narrat,
614 1478 800 1533 constantem
830 1471 861 1532 in
889 1469 1050 1533 solitudine
1079 1468 1184 1532 lamam
1213 1467 1308 1532 fuisse

209 1585 398 1664 demortuo,
426 1603 515 1665 qoem
537 1581 685 1646 Macarius
707 1581 904 1661 resuscitarit,
925 1591 959 1646 ut
981 1599 1141 1662 corporum
1163 1599 1309 1646 resurre-

210 1696 340 1760 ctionem
353 1695 521 1760 llieracitae
543 1693 696 1776 probaret,
719 1711 818 1774 neque
840 1694 957 1773 quando
973 1703 1003 1758 et
1021 1712 1079 1774 qua
1104 1693 1201 1756 oblata
1216 1711 1309 1756 occa-

209 1806 295 1868 sione
316 1805 347 1868 id
367 1803 477 1869 iactum
499 1805 548 1885 sit,
571 1803 663 1883 addit,
686 1803 861 1884 credideris,
889 1805 988 1867 varias
1018 1804 1055 1866 de
1084 1805 1142 1868 boc
1169 1804 1308 1886 prodigio

208 1917 266 1980 iam
286 1917 345 1981 illis
366 1917 488 1980 Palladii
516 1917 702 1998 temporibus
732 1916 869 1978 extitisse
892 1917 1091 1995 narrationes,
1124 1934 1309 1999 magnopere

209 2029 289 2091 inter
310 2045 344 2090 se
366 2027 581 2107 discrepantes.
626 2029 711 2102 Quae
739 2026 765 2089 si
794 2044 855 2089 non
878 2028 1059 2106 extitissent,
1088 2025 1236 2090 Palladius
1258 2026 1310 2090 bi-

210 2141 333 2204 storiam
355 2137 486 2222 prodigii
508 2137 585 2199 haud
609 2137 769 2200 omisisset.

296 2249 328 2331 9.
354 2249 403 2312 15.
447 2249 492 2312 De
514 2249 565 2312 illo
588 2248 790 2328 adolescente,
812 2248 863 2330 qui
886 2256 945 2312 tam
967 2249 1077 2312 multos
1094 2267 1186 2330 panes
1202 2267 1310 2312 come-

212 2359 300 2424 debat
321 2361 464 2442 cibosque
485 2379 622 2425 comesos
644 2361 812 2441 evomebat,
841 2380 858 2422 a
879 2359 1010 2424 Macerio
1032 2361 1184 2444 Aegyptio
1206 2370 1309 2426 sanato

211 2472 294 2536 solus
317 2471 463 2537 Palladius
484 2474 581 2538 tradit.
627 2473 783 2537 Hominem
804 2473 963 2553 illustrem,
985 2473 1036 2554 qui
1058 2473 1235 2536 adaemone
1257 2471 1310 2536 lu-

242 2671 267 2739 1)
288 2672 404 2726 Mortuus
424 2674 573 2742 monachus,
600 2675 662 2727 aS.
686 2672 819 2742 congello
840 2674 1017 2738 resuscitatus,
1045 2674 1191 2743 quindecim
1218 2680 1310 2744 postea

289 2777 370 2814 annos
391 2765 464 2820 vixit.
504 2765 558 2821 An.
580 2765 624 2816 SS.
645 2763 713 2816 Boll.
736 2765 796 2816 Mal.
818 2764 846 2820 Τ.
870 2767 895 2816 lI
916 2779 941 2832 p.
962 2763 1028 2828 581,
1049 2763 1075 2823 d.

240 2845 268 2915 2)
290 2846 329 2904 cf.
349 2851 416 2902 inira
438 2851 501 2920 Cep.
524 2853 560 2904 lV
579 2862 605 2906 et
625 2851 688 2922 Gap.
713 2853 761 2909 Vl.
1104 2865 1106 2869 ⁴

239 2938 268 3004 3)
291 2934 331 2994 Gi.
352 2939 419 2990 inira
440 2939 502 3007 Gap.
522 2941 566 2998 Vl.

240 3021 270 3093 4)
291 3024 412 3091 Patricio,
430 3029 570 3081 Hiberniae
591 3031 720 3097 apostolo,
742 3030 857 3098 regulus,
870 3045 945 3098 quem
958 3029 1118 3097 baptizarat:
1142 3030 1197 3094 ‚.Si‚
1218 3031 1310 3098 inquit,

292 3129 368 3166 avum
388 3133 469 3168 meum
500 3135 515 3170 a
542 3119 635 3171 diebus
655 3119 741 3171 multis
762 3121 930 3170 incineratum
951 3119 1147 3170 resuscitaveris
1168 3121 1194 3170 in
1216 3120 1311 3170 virtute

292 3201 354 3255 lesu
376 3203 478 3271 Christi,
507 3208 614 3260 iinniter
634 3210 735 3262 credam
756 3210 970 3262 resurrectionem
1000 3210 1181 3265 mortuorum.“
1223 3210 1312 3261 Patri-

292 3294 348 3343 cius
368 3311 424 3346 cum
444 3296 535 3365 regulo
556 3306 582 3348 et
606 3298 683 3365 plebe
703 3297 782 3349 multa
802 3298 835 3350 ad
863 3297 985 3349 tumulum
1006 3299 1124 3354 accessit.
1153 3297 1234 3362 Quem
1255 3314 1312 3350 cum

294 3381 387 3434 baculo
417 3382 480 3436 Jesu
511 3387 640 3454 signasset
680 3387 833 3456 humumque
866 3389 921 3438 erui
953 3387 1067 3451 lecisset,
1098 3387 1166 3438 iacta
1195 3389 1313 3438 oratione

292 3470 419 3523 bominem
451 3475 478 3524 in
508 3475 701 3528 admirationem
729 3478 839 3527 omnium
871 3484 897 3527 et
930 3475 1148 3528 confirmationem
1176 3477 1237 3528 lidei
1266 3492 1313 3527 ca-

294 3561 408 3614 tholicae
442 3566 615 3618 resuscitavit.
669 3565 719 3630 Qui
751 3581 850 3632 poenas
885 3565 979 3617 inlerni
1017 3573 1134 3630 enarrat,
1168 3565 1315 3635 baptizatur

295 3657 321 3700 et
347 3651 503 3709 eucharistia
533 3663 657 3725 percepta
681 3657 708 3706 in
735 3655 826 3706 eodem
852 3654 993 3720 sepulchro
1017 3655 1044 3706 in
1072 3653 1182 3706 Domino
1212 3655 1315 3712 dormit,

294 3738 384 3808 Neque
406 3743 540 3811 quisquam
566 3759 662 3809 eorum,
684 3745 728 3813 qul
749 3744 863 3810 aderant,
891 3743 924 3794 de
945 3745 1133 3796 resurrectione
1158 3752 1315 3816 mortuorum

294 3828 403 3894 amplius
437 3832 573 3890 dubitavit.
612 3833 667 3890 All.
694 3833 739 3890 SS.
764 3831 833 3889 Boll.
863 3832 891 3890 T.
918 3833 943 3885 ll
964 3833 1037 3890 Mart.
1058 3849 1083 3902 p.
1109 3835 1181 3897 557,
1210 3849 1234 3890 e.
1270 3833 1314 3894 At,

293 3917 404 3986 inquies,
434 3922 563 3989 quomodo
593 3921 678 3985 bomo,
707 3924 751 3990 qui
776 3937 875 3989 poenas
909 3922 1004 3973 inferni
1025 3923 1156 3986 sustinuit,
1177 3921 1315 3988 baptizari,

293 4008 473 4062 eucharistiam
488 4013 623 4078 percipere
643 4018 670 4060 et
682 4011 777 4061 salvari
793 4010 901 4076 potest?
921 4011 1017 4062 Eadem
1030 4010 1169 4062 difficultas
1190 4012 1268 4062 etiam
1287 4012 1315 4061 in

295 4101 442 4151 narratione
468 4099 501 4150 de
527 4099 626 4162 cranio,
654 4098 723 4166 quod
744 4099 856 4150 Macerio
875 4097 1007 4167 Aegyptio
1035 4100 1068 4151 de
1097 4101 1190 4166 poenis
1217 4101 1313 4152 inferni

294 4185 417 4252 loquitur,
445 4189 564 4239 occurrit.
617 4187 656 4238 De
677 4201 727 4254 qua
747 4185 815 4237 inira
835 4184 897 4254 Gap.
917 4185 961 4244 Vl.
1013 4189 1065 4240 Sed
1086 4188 1192 4240 Patricii
1222 4189 1315 4256 prodi-

295 4273 364 4336 gium
384 4275 430 4338 illi,
462 4277 531 4344 quod
551 4277 577 4327 in
599 4275 775 4328 resuscitando
805 4284 904 4330 mortuo
930 4279 1055 4330 Macarius
1087 4277 1181 4342 edidit,
1211 4277 1316 4330 similli-

299 4377 364 4414 mum
385 4373 432 4420 est.
