2974 4964
547 337 790 414 ...93...

123 543 272 626 qnondam
284 549 411 606 vexatus
423 539 530 603 diebus
548 537 745 620 quadraginta
766 547 947 604 tectumnon
969 539 1126 623 ingressus
1147 555 1223 626 eret,

123 663 186 720 toto
209 669 341 736 corpore
368 651 482 715 muscis
507 649 654 715 seatuisse
680 649 808 714 traditur
820 654 856 726 ¹).
899 651 1042 734 Idemque
1072 653 1224 738 Euagrius

122 765 308 829 adaemone
330 761 537 827 fornicationis
550 760 699 842 quondam
717 769 854 842 vexatus,
875 761 981 828 hiemis
1003 772 1139 846 tempore
1160 773 1224 830 tota

122 887 213 942 nocte
234 877 266 939 in
287 883 379 956 puteo
402 874 484 938 stetit
498 873 535 951 ²).
580 871 645 936 Sed¹
661 889 849 954 nequaquam
871 873 1018 938 Palladius
1047 876 1088 939 ita
1109 876 1224 942 intelli-

122 988 242 1072 gendus
271 995 329 1062 est,
366 995 398 1050 ut
425 984 544 1063 dixerit,
580 983 744 1046 blacarium
773 1001 829 1048 sex
862 986 1015 1049 mensibus
1047 985 1078 1047 in
1110 988 1226 1068 paludis

123 1119 200 1182 aqua
222 1097 349 1176 sedisse,
372 1097 437 1176 sed,
462 1105 495 1158 ut
516 1103 624 1176 sponte
646 1094 857 1176 elucet,·apud
880 1097 1005 1178 paludes
1033 1097 1083 1162 vel
1108 1099 1139 1160 in
1161 1099 1227 1180 ripa

122 1209 288 1292 paludium.
333 1209 414 1282 Quas
434 1205 747 1290 regiones-culicibus
769 1205 893 1287 aliisque
921 1207 1046 1272 inseetis
1067 1208 1228 1272 hodiedum

59 1345 64 1352 ·
124 1321 289 1397 abundare,
322 1317 459 1380 hlinutoh
479 1316 639 1394 indieatl).
685 1315 840 1380 Librarius
862 1325 972 1398 autem,
992 1319 1045 1398 qui
1065 1320 1227 1383 bloeerinm

123 1433 156 1495 in
184 1430 340 1512 paludibus
371 1436 496 1508 propior
532 1427 670 1508 spiritum
700 1426 906 1492 fornicationis
939 1429 1056 1492 sedisse
1091 1430 1227 1510 fluxim),

123 1541 284 1604 Palladium
305 1539 381 1603 ialso
403 1541 462 1603 isto
485 1539 575 1602 modo
596 1539 784 1603 intellexisse
806 1540 935 1604 videtur.
968 1540 1110 1622 idemque
1124 1542 1228 1608 blnea-

123 1653 188 1716 rius
216 1645 441 1716 Alexandrinus
470 1651 544 1714 alias
573 1651 612 1714 ob
645 1649 732 1716 aliam
761 1669 882 1714 oausam
917 1651 949 1714 in
977 1652 1074 1716 scetis
1103 1653 1227 1734 paludes

126 1763 301 1840 secessisse,
329 1760 411 1824 unde
440 1760 587 1824 culicibus
617 1759 801 1842 perforatum
822 1761 970 1826 Macarius
999 1761 1167 1846 Aegyptius
1190 1762 1227 1827 ad

123 1873 236 1938 iratres
252 1873 419 1951 reduxerit,
441 1873 472 1934 in
495 1871 797 1956 Apophthegmatis⁶t
819 1871 941 1953 legitur.

211 1982 271 2046 Sed
291 1983 351 2043 iam
373 1981 411 2044 de
431 1981 483 2044 illo
505 1981 682 2062 eepotaphio
704 1981 816 2044 tannes
839 1991 869 2045 et
887 1981 1036 2045 biumbres
1058 2001 1227 2066 magorum,
1275 2005 1277 2010 ·

123 2075 206 2174 qhod
227 2113 243 2155 a
265 2111 299 2157 se
321 2093 418 2156 visum
448 2109 517 2156 esse
537 2093 685 2156 Macarius
714 2093 779 2174 ipse
810 2091 939 2158 Palladio
971 2093 1085 2173 retulit,
1122 2093 1228 2174 dispu-

121 2215 230 2270 tamus.
275 2205 319 2268 Eo
349 2206 430 2268 enim
452 2205 573 2270 nornine
594 2224 611 2268 a
631 2205 755 2271 ludaeis
776 2207 855 2290 magi
885 2205 1071 2285 dicebantur,
1101 2205 1228 2286 quibus-

121 2331 190 2376 oum
212 2315 313 2378 bloses
342 2321 374 2380 et
393 2314 500 2378 Aaron
529 2331 631 2378 eoram
655 2315 810 2378 Pharaone
832 2315 980 2398 prodigiis
1002 2324 1226 2383 concertarunt.

123 2424 170 2488 Ex
192 2443 250 2506 qua
271 2425 444 2504 traditione,
466 2433 500 2488 ut
521 2435 606 2490 reete
628 2425 950 2504 doeetTheodoretus,
971 2427 1082 2492 Paulus
1104 2436 1229 2508 aposto-

122 2537 170 2599 lus
200 2535 321 2598 nomina
350 2535 401 2596 illa
427 2535 458 2596 in
490 2534 618 2614 epistola
648 2535 685 2597 ad
707 2535 894 2598 Timotheum
917 2536 1093 2616 desumpsit,
1123 2551 1227 2598 omnes

124 2645 296 2724 increpans,
320 2644 382 2723 qui,
405 2643 654 2724 quemadmodum
676 2643 788 2708 damnes
811 2653 843 2708 et
863 2645 1014 2708 biumbres
1035 2645 1112 2708 hlosi
1133 2644 1226 2708 resti-

121 2756 228 2833 terint,
266 2755 307 2818 ita
339 2753 398 2834 ipsi
426 2755 546 2818 veritati
574 2755 764 2826 resistant⁶).
809 2757 892 2830 Quae
921 2755 1048 2835 apostoli
1075 2755 1169 2818 verba
1190 2755 1227 2818 ad

121 2867 233 2930 librum
252 2863 456 2944 apocryphum
481 2863 844 2943 ,Jamnesethlambres“
868 2867 1047 2948 inscriptum
1061 2868 1226 2949 respicere,

123 2977 270 3060 Origines
291 2973 442 3054 perhibuit
459 2978 494 3050 ⁷).
540 2973 625 3038 Unde
646 2984 737 3056 patet,
759 2976 1039 3059 traditionemque
1061 2978 1173 3044 tannes
1195 2989 1226 3045 ot

134 3149 380 3162 ...u-..ff

153 3245 180 3306 1)
201 3243 269 3298 llist.
290 3241 364 3296 Laus.
384 3240 426 3296 ed.
447 3241 541 3298 Maure.
560 3259 618 3312 cap.
638 3245 676 3298 88
697 3243 764 3313 opp.
785 3248 880 3300 hleurs.
903 3247 920 3304 l.
940 3247 957 3304 l.
979 3264 1005 3316 p.
1028 3249 1092 3304 55³.

152 3329 346 3392 ttruin.1.t.
1056 3331 1061 3336 ’

150 3420 180 3489 3)
201 3421 279 3472 lleise
301 3435 357 3470 aum
378 3417 480 3485 'lempel
501 3419 549 3470 des
567 3418 668 3487 Jupiter
688 3420 794 3474 Ammon
814 3425 842 3475 in
861 3423 909 3474 der
928 3422 1065 3490 libysohan
1085 3425 1177 3476 Witsta
1197 3437 1224 3480 u.

116 3563 119 3568 ,
202 3508 268 3560 nach
289 3505 472 3576 Oberdgypten
493 3522 519 3576 p.
542 3509 607 3562 205.

151 3597 184 3666 4)
206 3595 244 3654 Gi.
265 3612 341 3664 supra
361 3612 387 3663 p:
410 3595 457 3650 89.

153 3689 184 3754 5)
207 3687 232 3742 S.
252 3703 277 3744 v.
298 3687 434 3738 Maeonio
455 3684 598 3754 Aepppttus
618 3687 644 3750 s.
659 3685 719 3735 xxi
740 3681 851 3736 Coteler.
873 3683 942 3740 bion.
962 3681 1034 3736 Eeol.
1056 3680 1146 3736 Graec.
1169 3681 1224 3736 'LI

192 3768 229 3842 'p
252 3776 307 3830 537
329 3791 386 3844 sqq.
427 3772 466 3830 (ll.
486 3776 554 3826 inira
574 3770 636 3839 Gap.
656 3771 714 3824 Vll.

152 3867 184 3932 6)
206 3869 231 3916 ll
251 3864 361 3916 Timotb.
378 3869 407 3928 ³,
419 3864 448 3920 8.
474 3861 515 3916 Ad
536 3877 610 3931 quem
631 3861 743 3929 apostoli
763 3859 1035 3914 looumTheodoretus
1054 3858 1119 3910 haec
1138 3855 1224 3920 serip-

204 3956 254 4006 sit:
285 3956 326 4006 To
350 3957 445 4025 μέντοι
463 3951 562 4008 τούτων
581 3949 701 4023 ὀνόματα
721 3949 770 4004 ode
787 3952 818 4004 ἐκ
843 3955 887 4014 τῆς
904 3953 985 4008 θείας
1002 3949 1111 4018 γραφῆς
1128 3941 1224 4014 μεμά-

204 4048 288 4108 θηκεν
318 4043 332 4094 ὁ
358 4047 437 4100 θεῖος
462 4041 624 4103 ἀπόστολος.
649 4042 705 4094 dtt'
731 4041 761 4094 ἐκ
787 4040 831 4104 τῆς
856 4035 984 4111 ἀγράφου
1011 4037 1064 4088 τῶν
1085 4029 1225 4086 Ἰουδαίων

204 4130 390 4206 διδασκαλίας.
673 4137 676 4142 ’

154 4224 184 4290 7)
206 4221 236 4274 ln
255 4223 343 4277 matth
364 4217 458 4276 comm
479 4219 565 4274 Series
586 4219 612 4282 S.
636 4219 699 4272 117.
722 4214 789 4286 Opp.
813 4212 885 4283 Orig.
905 4213 947 4270 ed.
967 4211 1000 4264 de
1020 4210 1045 4264 la
1064 4210 1120 4266 llus
1140 4210 1221 4266 Paris.

208 4308 280 4365 atho
301 4326 327 4378 p.
349 4309 418 4373 916,
435 4310 462 4366 2.
