2990 4986
648 375 893 452 ..44..

221 590 293 638 num
316 573 487 657 praestigiis
510 575 742 638 obcaecantibus
765 574 879 652 idiunt,
902 585 1019 640 utnon
1034 576 1154 642 videant
1176 595 1221 658 ea,
1243 597 1322 658 quae

221 694 302 764 sunt,
333 693 363 748 et
384 685 490 748 uidere
517 703 551 748 sa
573 691 676 764 putent
697 685 758 763 illa,
787 703 864 766 quae
893 705 953 749 non
987 689 1085 750 sunt.“
1102 693 1121 764 ι)
1172 689 1322 756 Minucius

220 793 365 878 llelix2):
398 795 497 877 „Magi
517 813 647 876 quoque,
675 797 781 876 inquit,
804 815 864 859 nou
886 807 1000 860 tantum
1022 799 1122 862 sciunt
1145 799 1319 881 daemones,

221 905 277 968 sed
305 906 404 984 etiam,
432 905 575 986 quidquid
603 905 738 968 miraculi
768 906 891 986 ludunt,
924 925 979 987 per
1008 907 1170 972 daemones
1195 910 1321 986 iaciunt3

221 1017 281 1079 illis
310 1017 509 1096 aspirantibus
544 1025 574 1080 et
602 1015 826 1081 infundentibus
848 1019 1025 1101 praestigias
1048 1021 1151 1100 edunt,
1174 1022 1221 1083 vel
1244 1041 1323 1103 quae

220 1143 282 1189 non
310 1132 391 1204 sunt,
423 1126 531 1204 videri,
563 1127 623 1205 vel,
661 1147 738 1208 quae
756 1139 848 1211 sunt,
878 1147 937 1194 non
960 1131 1086 1194 videri.“
1133 1131 1192 1196 Sed
1213 1150 1323 1194 exem-

220 1235 279 1316 pla,
314 1255 419 1319 magos
441 1239 614 1322 praestigiis
636 1239 786 1318 effecisse,
813 1249 847 1304 ut
880 1241 968 1306 homo
1002 1244 1232 1322 conspiceretur
1253 1245 1323 1306 ani-

221 1347 290 1425 mal,
323 1348 415 1411 multa
442 1349 570 1414 inveniri
603 1353 655 1414 vix
688 1353 868 1414 crediderim
880 1359 915 1429 ³).
960 1354 1132 1434 Quanquam
1166 1355 1221 1416 alia
1244 1373 1322 1418 ocu-

219 1456 318 1520 lorum
346 1459 473 1522 ludibria
500 1479 517 1522 a
553 1462 649 1541 magis
679 1461 755 1525 lacta
791 1463 889 1525 medio
918 1481 993 1524 aevo
1024 1482 1114 1544 saepe
1145 1473 1321 1532 occurrunt.

220 1567 358 1646 Faustus,
393 1577 427 1631 ut
465 1589 556 1632 unum
588 1579 699 1634 tantum
732 1573 866 1652 prodam,
895 1591 1018 1636 currum
1046 1575 1135 1637 foeno
1164 1586 1321 1640 oneratum

219 1677 371 1741 devorare
397 1697 432 1740 ac
455 1691 558 1760 postea
587 1670 730 1746 evcrncre
754 1683 882 1763 videtur,
912 1685 991 1760 vina,
1025 1703 1102 1764 quae
1130 1694 1322 1764 compotores

219 1796 335 1868 optant,
358 1809 376 1852 e
399 1809 500 1853 mensa
524 1793 615 1870 elicit,
644 1793 804 1873 efficitque,
836 1803 871 1857 ut
892 1796 1019 1874 quisque
1041 1813 1129 1858 nares
1150 1804 1322 1860 ceterorum

216 1917 275 1978 pro
298 1899 365 1962 uvis
387 1900 543 1979 babeatt).
565 1903 682 1983 Neque,
705 1913 805 1966 utrum
819 1904 971 1968 daemonis
993 1923 1052 1984 ope
1073 1923 1179 1987 magus
1191 1905 1320 1987 Acgyp-

220 2011 281 2074 tius
311 2029 406 2091 equae
434 2013 565 2092 speciem
596 2015 786 2096 suggesserit
819 2013 957 2092 laminae,
987 2033 1003 2076 a
1032 2015 1161 2077 Palladio
1191 2025 1221 2078 et
1243 2015 1320 2076 libro

223 2123 358 2185 secundo
387 2123 549 2186 edocemur
562 2127 598 2202 ⁶).
644 2125 677 2188 ln
708 2103 879 2207 apocrypha
901 2125 930 2190 S.
954 2125 1053 2188 Basilii
1083 2127 1144 2190 vita
1173 2123 1321 2209 (saeculo

250 2313 279 2380 1)
300 2312 386 2368 Divin.
406 2315 486 2370 instit,
507 2314 542 2378 ll,
568 2317 610 2370 15.
651 2313 717 2382 Opp.
738 2315 808 2366 Lact.
833 2315 874 2366 ed.
897 2315 982 2383 lligne
1003 2314 1030 2365 T.
1053 2313 1065 2366 1
1087 2329 1112 2380 p.
1136 2315 1201 2366 332.

249 2403 280 2468 2)
302 2399 425 2454 Octavius
446 2419 502 2470 cap.
527 2404 572 2460 26.

245 2489 277 2556 3)
298 2492 457 2558 Augustinus
478 2491 511 2542 dc
526 2493 577 2543 civ.
590 2490 744 2556 ttetxvttt,
758 2491 808 2544 18:
830 2489 921 2555 „Cum
942 2491 1034 2558 inquit,
1056 2506 1170 2542 essemus
1189 2492 1215 2541 in
1237 2489 1320 2554 ltalia,

296 2579 463 2632 audiebamus
485 2581 517 2631 de
538 2580 646 2648 quadam
673 2583 781 2647 regione
811 2580 911 2632 illarum
939 2581 1064 2646 partium,
1093 2578 1135 2630 ubi
1165 2577 1319 2630 stabularias

251 2711 255 2718 .
296 2669 417 2721 mulieres
445 2670 555 2722 imbutas
582 2671 656 2722 malis
683 2670 781 2722 artibus
812 2672 838 2720 in
870 2684 947 2720 caseo
976 2669 1037 2720 dare
1071 2668 1159 2718 solere
1198 2665 1321 2718 dicebant

297 2757 390 2824 quibus
412 2759 512 2810 vellent
533 2775 580 2810 scu
597 2767 705 2824 possent
726 2759 877 2821 viatoribus,
899 2757 967 2808 nude
987 2760 1013 2808 in
1034 2759 1144 2808 iumenta
1166 2755 1236 2806 illico
1259 2769 1319 2804 ver-

296 2854 411 2895 terentur
432 2855 457 2896 et
477 2850 626 2898 necessaria
648 2861 766 2913 quaeque
788 2854 928 2910 portarent,
952 2853 1063 2914 postque
1084 2839 1219 2911 perfuncta
1239 2857 1319 2908 opera

298 2935 441 2985 iterumad
463 2951 491 2984 sc
512 2935 634 2996 redirent,
662 2949 710 2984 nec
739 2942 821 2984 tamen
849 2935 875 2984 in
902 2936 940 2985 eis
961 2943 1070 2986 mentem
1099 2933 1154 2984 lieri
1175 2931 1319 2994 bestialem,

298 3021 345 3072 sed
365 3023 515 3073 rationalem
536 3025 721 3088 humanamque
742 3023 849 3083 servari,
870 3024 938 3072 sicut
954 3023 1081 3089 Apuleius
1102 3024 1128 3074 iu
1149 3021 1231 3083 libris,
1253 3033 1319 3087 quos

297 3111 370 3162 Asioi
391 3113 462 3161 aurei
483 3111 559 3162 titulo
581 3111 721 3176 inscripsit,
745 3109 794 3160 sibi
814 3112 865 3176 ipsi
880 3113 1017 3174 accidisse,
1038 3119 1066 3162 ut
1086 3117 1193 3175 accepto
1207 3123 1318 3172 veneno,

298 3198 408 3249 humano
430 3201 515 3249 animo
537 3206 710 3264 permanente,
726 3200 814 3248 asinus
830 3199 912 3264 lieret,
933 3209 976 3251 aut
996 3201 1130 3262 indicavit,
1151 3206 1196 3249 aut
1215 3196 1316 3248 linxit.“

297 3286 457 3352 Augustinus
478 3286 564 3337 addit:
588 3285 676 3343 „llaec
696 3285 737 3337 vel
760 3285 825 3336 laisa
843 3296 910 3350 sunt,
931 3287 973 3340 uel
994 3297 1043 3338 tam
1065 3289 1195 3348 inusitata,
1215 3292 1244 3335 ut
1263 3300 1319 3336 me-

297 3376 347 3424 rito
375 3391 427 3426 non
455 3375 615 3430 credantut·.“
657 3375 811 3426 'lritbemius
840 3376 856 3431 Ι.
885 3377 919 3432 l.:
956 3375 1097 3446 ,Contigit
1127 3379 1218 3444 inquit,
1249 3377 1319 3425 circa

299 3462 364 3514 haec
385 3472 499 3530 tempora
521 3466 624 3516 Henrici
645 3467 806 3530 imperatoris
826 3465 943 3516 mirabile
964 3466 1065 3522 lactum.
1092 3466 1195 3518 Iuvenis
1216 3465 1319 3532 quidam

296 3552 422 3604 maleficio
445 3554 549 3606 duarum
570 3555 710 3606 vetularum
738 3557 764 3606 in
787 3555 891 3606 formam
912 3557 977 3606 asini
1010 3565 1120 3607 mutatus
1148 3562 1196 3616 est,
1228 3557 1263 3605 ita
1288 3561 1319 3604 ¹ut

298 3643 415 3694 omnibus
435 3643 584 3695 videntibus
604 3647 692 3695 asinus
713 3653 859 3710 appareret,
890 3645 959 3711 quod
980 3645 1065 3696 multis
1090 3642 1253 3709 impossibile
1274 3644 1316 3693 ri-

298 3731 433 3784 dcturnon
454 3735 668 3803 intelligentibus,
690 3735 758 3803 quod
779 3736 949 3800 permissione
962 3734 1049 3786 divina
1065 3735 1170 3799 spiritus
1191 3731 1317 3798 malignus

297 3822 388 3875 oculos
414 3825 541 3876 hominum
569 3825 689 3874 mirandis
723 3824 944 3876 ludificationibus
977 3823 1087 3874 illudere
1119 3829 1235 3888 potcst.“
1278 3818 1317 3875 Cf.

296 3912 369 3969 Vino.
389 3912 488 3964 Bellov.
511 3913 528 3970 l.
549 3911 566 3964 l.
589 3922 615 3964 ct
634 3913 731 3964 Fazelli
751 3913 768 3968 l.
789 3913 807 3964 l.

246 3996 277 4066 4)
299 4001 347 4053 Die
369 4001 436 4070 Sage
459 4019 509 4056 von
531 4003 627 4054 Doctor
643 4003 721 4052 Faust
742 4009 837 4056 untcrs.
859 4017 910 4052 uon
931 4002 962 4057 H.
981 4002 1097 4052 lldntner
1120 3997 1192 4053 lsslb
1203 4011 1227 4062 p.
1252 3997 1316 4048 177.

296 4092 360 4142 203.
384 4093 429 4147 70.
470 4092 566 4143 Similia
588 4089 707 4157 prodigia
727 4091 752 4140 in
773 4090 871 4155 oppido
893 4087 1042 4140 Crueenaco
1072 4089 1193 4154 magister
1210 4085 1316 4138 Theodo

296 4179 386 4246 lllagus
406 4181 475 4252 lecit.
516 4178 596 4233 ’tritta
614 4176 673 4228 cnr.
688 4179 785 4244 Sponh.
807 4180 839 4230 ad
863 4197 923 4234 ann.
947 4179 1028 4231 1262.

246 4264 276 4329 5)
297 4266 387 4331 Magos
407 4270 459 4318 vim
480 4283 550 4318 suam
575 4268 606 4319 ad
633 4267 753 4334 prodigia
779 4269 896 4320 iacienda
923 4284 938 4319 a
959 4268 1083 4318 daemone
1103 4273 1223 4330 repetere
1243 4257 1316 4316 credi

297 4355 373 4406 solet.
414 4356 453 4408 lle
474 4357 600 4425 prodigiis
621 4365 714 4422 autem,
736 4374 802 4425 quae
820 4358 952 4410 daemonis
974 4374 1023 4424 ope
1044 4358 1132 4420 edunt,
1153 4357 1316 4425 Augustinus
