<?xml version="1.0" encoding="UTF-8"?>
<!DOCTYPE html PUBLIC "-//W3C//DTD XHTML 1.0 Transitional//EN"
    "http://www.w3.org/TR/xhtml1/DTD/xhtml1-transitional.dtd">
<html xmlns="http://www.w3.org/1999/xhtml" xml:lang="en" lang="en">
 <head>
  <title>
</title>
<meta http-equiv="Content-Type" content="text/html;charset=utf-8" />
  <meta name='ocr-system' content='tesseract 3.04.00' />
  <meta name='ocr-capabilities' content='ocr_page ocr_carea ocr_par ocr_line ocrx_word'/>
</head>
<body>
  <div class='ocr_page' id='page_1' title='image "./macariiaegyptii00macagoog_0048.png"; bbox 0 0 2990 4986; ppageno 0'>
   <div class='ocr_carea' id='block_1_1' title="bbox 565 401 807 474">
    <p class='ocr_par' dir='ltr' id='par_1_1' title="bbox 565 401 807 474">
     <span class='ocr_line' id='line_1_1' title="bbox 565 401 807 474; baseline 0 -18"><span class='ocrx_word' id='word_1_1' title='bbox 565 401 807 474; x_wconf 84' lang='lat'><strong>..33..</strong></span> 
     </span>
    </p>
   </div>
   <div class='ocr_carea' id='block_1_2' title="bbox 138 603 1310 3545">
    <p class='ocr_par' dir='ltr' id='par_1_2' title="bbox 138 603 1237 776">
     <span class='ocr_line' id='line_1_2' title="bbox 139 603 1237 682; baseline 0.002 -17"><span class='ocrx_word' id='word_1_2' title='bbox 139 604 225 665; x_wconf 89' lang='lat' dir='ltr'><strong>nibus</strong></span> <span class='ocrx_word' id='word_1_3' title='bbox 246 605 352 666; x_wconf 91' lang='lat' dir='ltr'><strong>eodem</strong></span> <span class='ocrx_word' id='word_1_4' title='bbox 380 611 517 682; x_wconf 90' lang='lat' dir='ltr'><strong>temporo</strong></span> <span class='ocrx_word' id='word_1_5' title='bbox 540 603 665 680; x_wconf 85' lang='lat' dir='ltr'><strong>vixerit,</strong></span> <span class='ocrx_word' id='word_1_6' title='bbox 698 611 765 681; x_wconf 92' lang='lat' dir='ltr'><strong>post</strong></span> <span class='ocrx_word' id='word_1_7' title='bbox 786 603 947 666; x_wconf 90' lang='lat' dir='ltr'><strong>Palladium</strong></span> <span class='ocrx_word' id='word_1_8' title='bbox 981 613 1012 667; x_wconf 88' lang='lat' dir='ltr'><strong>et</strong></span> <span class='ocrx_word' id='word_1_9' title='bbox 1028 604 1166 666; x_wconf 88' lang='lat' dir='ltr'><strong>Rufinum</strong></span> <span class='ocrx_word' id='word_1_10' title='bbox 1187 614 1237 668; x_wconf 91' lang='lat' dir='ltr'><strong>tc-</strong></span> 
     </span>
     <span class='ocr_line' id='line_1_3' title="bbox 138 713 830 776; baseline 0 0"><span class='ocrx_word' id='word_1_11' title='bbox 138 721 214 776; x_wconf 89' lang='lat' dir='ltr'><strong>stem</strong></span> <span class='ocrx_word' id='word_1_12' title='bbox 236 713 332 776; x_wconf 89' lang='lat' dir='ltr'><strong>audiri</strong></span> <span class='ocrx_word' id='word_1_13' title='bbox 354 730 424 775; x_wconf 92' lang='lat' dir='ltr'><strong>eum</strong></span> <span class='ocrx_word' id='word_1_14' title='bbox 447 721 680 774; x_wconf 88' lang='lat' dir='ltr'><strong>consentaneum</strong></span> <span class='ocrx_word' id='word_1_15' title='bbox 702 713 830 776; x_wconf 87' lang='lat' dir='ltr'><strong>videtur.</strong></span> 
     </span>
    </p>

    <p class='ocr_par' dir='ltr' id='par_1_3' title="bbox 138 814 1310 2776">
     <span class='ocr_line' id='line_1_4' title="bbox 224 814 1239 904; baseline 0.002 -20"><span class='ocrx_word' id='word_1_16' title='bbox 224 823 253 904; x_wconf 80' lang='lat'><strong>§.</strong></span> <span class='ocrx_word' id='word_1_17' title='bbox 273 814 308 884; x_wconf 82' lang='grc'><strong>’8.</strong></span> <span class='ocrx_word' id='word_1_18' title='bbox 353 823 498 884; x_wconf 85' lang='lat' dir='ltr'><strong>Venimus</strong></span> <span class='ocrx_word' id='word_1_19' title='bbox 526 823 563 884; x_wconf 92' lang='lat' dir='ltr'><strong>ad</strong></span> <span class='ocrx_word' id='word_1_20' title='bbox 592 823 816 904; x_wconf 84' lang='lat' dir='ltr'>Hieronymum.</span> <span class='ocrx_word' id='word_1_21' title='bbox 849 826 929 898; x_wconf 65' lang='lat' dir='ltr'><strong>dui</strong></span> <span class='ocrx_word' id='word_1_22' title='bbox 957 842 1018 886; x_wconf 94' lang='lat' dir='ltr'><strong>non</strong></span> <span class='ocrx_word' id='word_1_23' title='bbox 1049 827 1108 889; x_wconf 91' lang='lat' dir='ltr'><strong>nisi</strong></span> <span class='ocrx_word' id='word_1_24' title='bbox 1140 824 1239 888; x_wconf 82' lang='lat' dir='ltr'><strong>oblata</strong></span> 
     </span>
     <span class='ocr_line' id='line_1_5' title="bbox 139 931 1237 1013; baseline 0.003 -18"><span class='ocrx_word' id='word_1_25' title='bbox 139 935 298 996; x_wconf 80' lang='lat' dir='ltr'><strong>occasione</strong></span> <span class='ocrx_word' id='word_1_26' title='bbox 331 933 487 1012; x_wconf 89' lang='lat' dir='ltr'><strong>obiterque</strong></span> <span class='ocrx_word' id='word_1_27' title='bbox 521 931 559 992; x_wconf 92' lang='lat' dir='ltr'><strong>de</strong></span> <span class='ocrx_word' id='word_1_28' title='bbox 598 931 736 994; x_wconf 87' lang='lat' dir='ltr'><strong>Macariis</strong></span> <span class='ocrx_word' id='word_1_29' title='bbox 770 932 913 1013; x_wconf 83' lang='lat' dir='ltr'><strong>loquitur,</strong></span> <span class='ocrx_word' id='word_1_30' title='bbox 950 935 1003 996; x_wconf 90' lang='lat' dir='ltr'><strong>sed</strong></span> <span class='ocrx_word' id='word_1_31' title='bbox 1032 955 1121 996; x_wconf 90' lang='lat' dir='ltr'><strong>unam</strong></span> <span class='ocrx_word' id='word_1_32' title='bbox 1151 938 1237 998; x_wconf 87' lang='lat' dir='ltr'><strong>nohis</strong></span> 
     </span>
     <span class='ocr_line' id='line_1_6' title="bbox 140 1041 1239 1124; baseline 0.002 -18"><span class='ocrx_word' id='word_1_33' title='bbox 140 1044 343 1107; x_wconf 83' lang='lat' dir='ltr'><strong>difficultatem</strong></span> <span class='ocrx_word' id='word_1_34' title='bbox 366 1043 403 1104; x_wconf 92' lang='lat' dir='ltr'><strong>de</strong></span> <span class='ocrx_word' id='word_1_35' title='bbox 416 1042 545 1104; x_wconf 84' lang='lat' dir='ltr'><strong>Macerio</strong></span> <span class='ocrx_word' id='word_1_36' title='bbox 569 1042 696 1121; x_wconf 89' lang='lat' dir='ltr'><strong>quodam</strong></span> <span class='ocrx_word' id='word_1_37' title='bbox 720 1043 823 1105; x_wconf 89' lang='lat' dir='ltr'><strong>obiicit</strong></span> <span class='ocrx_word' id='word_1_38' title='bbox 837 1041 879 1124; x_wconf 80' lang='lat'><strong>¹),</strong></span> <span class='ocrx_word' id='word_1_39' title='bbox 903 1062 991 1122; x_wconf 90' lang='lat' dir='ltr'><strong>quam</strong></span> <span class='ocrx_word' id='word_1_40' title='bbox 1013 1063 1068 1107; x_wconf 93' lang='lat' dir='ltr'><strong>suo</strong></span> <span class='ocrx_word' id='word_1_41' title='bbox 1091 1047 1158 1107; x_wconf 92' lang='lat' dir='ltr'><strong>looo</strong></span> <span class='ocrx_word' id='word_1_42' title='bbox 1180 1064 1239 1108; x_wconf 84' lang='lat' dir='ltr'><strong>ex-</strong></span> 
     </span>
     <span class='ocr_line' id='line_1_7' title="bbox 138 1146 1241 1238; baseline 0.001 -21"><span class='ocrx_word' id='word_1_43' title='bbox 138 1146 319 1235; x_wconf 72' lang='lat' dir='ltr'><strong>pediemus.</strong></span> <span class='ocrx_word' id='word_1_44' title='bbox 351 1153 474 1215; x_wconf 87' lang='lat' dir='ltr'><strong>Multum</strong></span> <span class='ocrx_word' id='word_1_45' title='bbox 497 1153 641 1230; x_wconf 84' lang='lat' dir='ltr'><strong>temporis</strong></span> <span class='ocrx_word' id='word_1_46' title='bbox 663 1152 694 1212; x_wconf 95' lang='lat' dir='ltr'><strong>in</strong></span> <span class='ocrx_word' id='word_1_47' title='bbox 714 1151 857 1234; x_wconf 83' lang='lat' dir='ltr'><strong>Aegypto</strong></span> <span class='ocrx_word' id='word_1_48' title='bbox 878 1154 962 1215; x_wconf 92' lang='lat' dir='ltr'><strong>illum</strong></span> <span class='ocrx_word' id='word_1_49' title='bbox 984 1157 1167 1238; x_wconf 77' lang='lat' dir='ltr'><strong>transegisse</strong></span> <span class='ocrx_word' id='word_1_50' title='bbox 1190 1158 1241 1218; x_wconf 86' lang='lat' dir='ltr'><strong>vix</strong></span> 
     </span>
     <span class='ocr_line' id='line_1_8' title="bbox 140 1261 1240 1347; baseline 0.002 -21"><span class='ocrx_word' id='word_1_51' title='bbox 140 1265 332 1326; x_wconf 82' lang='lat' dir='ltr'><strong>crediderim.</strong></span> <span class='ocrx_word' id='word_1_52' title='bbox 377 1263 410 1323; x_wconf 91' lang='lat' dir='ltr'><strong>ld</strong></span> <span class='ocrx_word' id='word_1_53' title='bbox 439 1263 517 1322; x_wconf 92' lang='lat' dir='ltr'><strong>enim</strong></span> <span class='ocrx_word' id='word_1_54' title='bbox 551 1280 591 1323; x_wconf 91' lang='lat' dir='ltr'><strong>ex</strong></span> <span class='ocrx_word' id='word_1_55' title='bbox 612 1261 710 1322; x_wconf 84' lang='lat' dir='ltr'><strong>Rufini</strong></span> <span class='ocrx_word' id='word_1_56' title='bbox 733 1261 883 1327; x_wconf 88' lang='lat' dir='ltr'><strong>lnveotiva</strong></span> <span class='ocrx_word' id='word_1_57' title='bbox 916 1265 1018 1346; x_wconf 82' lang='lat' dir='ltr'><strong>colligi</strong></span> <span class='ocrx_word' id='word_1_58' title='bbox 1049 1275 1157 1344; x_wconf 91' lang='lat' dir='ltr'><strong>potest,</strong></span> <span class='ocrx_word' id='word_1_59' title='bbox 1183 1281 1240 1347; x_wconf 84' lang='lat' dir='ltr'><strong>qua</strong></span> 
     </span>
     <span class='ocr_line' id='line_1_9' title="bbox 138 1371 1241 1456; baseline 0.004 -20"><span class='ocrx_word' id='word_1_60' title='bbox 138 1375 264 1456; x_wconf 87' lang='lat' dir='ltr'><strong>legitur:</strong></span> <span class='ocrx_word' id='word_1_61' title='bbox 300 1374 461 1452; x_wconf 82' lang='lat' dir='ltr'><strong>‚,Geterum</strong></span> <span class='ocrx_word' id='word_1_62' title='bbox 492 1373 550 1434; x_wconf 90' lang='lat' dir='ltr'><strong>iste</strong></span> <span class='ocrx_word' id='word_1_63' title='bbox 573 1371 828 1455; x_wconf 81' lang='lat' dir='ltr'><strong>(Hieronymus),</strong></span> <span class='ocrx_word' id='word_1_64' title='bbox 861 1375 911 1453; x_wconf 91' lang='lat' dir='ltr'><strong>qui</strong></span> <span class='ocrx_word' id='word_1_65' title='bbox 944 1375 975 1435; x_wconf 92' lang='lat' dir='ltr'><strong>in</strong></span> <span class='ocrx_word' id='word_1_66' title='bbox 1007 1383 1069 1438; x_wconf 85' lang='lat' dir='ltr'><strong>tota</strong></span> <span class='ocrx_word' id='word_1_67' title='bbox 1098 1377 1159 1438; x_wconf 88' lang='lat' dir='ltr'><strong>vita</strong></span> <span class='ocrx_word' id='word_1_68' title='bbox 1187 1395 1241 1440; x_wconf 88' lang='lat' dir='ltr'><strong>sua</strong></span> 
     </span>
     <span class='ocr_line' id='line_1_10' title="bbox 139 1483 1241 1566; baseline 0.002 -20"><span class='ocrx_word' id='word_1_69' title='bbox 139 1497 200 1547; x_wconf 90' lang='lat' dir='ltr'><strong>non</strong></span> <span class='ocrx_word' id='word_1_70' title='bbox 223 1493 303 1547; x_wconf 92' lang='lat' dir='ltr'><strong>totos</strong></span> <span class='ocrx_word' id='word_1_71' title='bbox 325 1485 448 1565; x_wconf 90' lang='lat' dir='ltr'><strong>triginta</strong></span> <span class='ocrx_word' id='word_1_72' title='bbox 472 1483 536 1545; x_wconf 91' lang='lat' dir='ltr'><strong>dies</strong></span> <span class='ocrx_word' id='word_1_73' title='bbox 558 1483 770 1560; x_wconf 84' lang='lat' dir='ltr'><strong>Alexandriae,</strong></span> <span class='ocrx_word' id='word_1_74' title='bbox 801 1483 853 1544; x_wconf 89' lang='lat' dir='ltr'><strong>ubi</strong></span> <span class='ocrx_word' id='word_1_75' title='bbox 882 1493 948 1546; x_wconf 86' lang='lat' dir='ltr'><strong>erat</strong></span> <span class='ocrx_word' id='word_1_76' title='bbox 969 1484 1125 1566; x_wconf 78' lang='lat' dir='ltr'><strong>Didymus,</strong></span> <span class='ocrx_word' id='word_1_77' title='bbox 1153 1505 1241 1549; x_wconf 94' lang='lat' dir='ltr'><strong>com-</strong></span> 
     </span>
     <span class='ocr_line' id='line_1_11' title="bbox 140 1591 1241 1677; baseline 0.004 -21"><span class='ocrx_word' id='word_1_78' title='bbox 140 1603 271 1657; x_wconf 88' lang='lat' dir='ltr'><strong>moratus</strong></span> <span class='ocrx_word' id='word_1_79' title='bbox 299 1603 355 1670; x_wconf 90' lang='lat' dir='ltr'><strong>cst,</strong></span> <span class='ocrx_word' id='word_1_80' title='bbox 384 1612 438 1672; x_wconf 91' lang='lat' dir='ltr'><strong>per</strong></span> <span class='ocrx_word' id='word_1_81' title='bbox 468 1601 548 1656; x_wconf 90' lang='lat' dir='ltr'><strong>totos</strong></span> <span class='ocrx_word' id='word_1_82' title='bbox 578 1611 672 1672; x_wconf 91' lang='lat' dir='ltr'><strong>paene</strong></span> <span class='ocrx_word' id='word_1_83' title='bbox 699 1591 816 1654; x_wconf 88' lang='lat' dir='ltr'><strong>libellos</strong></span> <span class='ocrx_word' id='word_1_84' title='bbox 846 1611 916 1656; x_wconf 90' lang='lat' dir='ltr'><strong>suos</strong></span> <span class='ocrx_word' id='word_1_85' title='bbox 946 1595 1037 1676; x_wconf 89' lang='lat' dir='ltr'><strong>longe</strong></span> <span class='ocrx_word' id='word_1_86' title='bbox 1067 1595 1184 1677; x_wconf 89' lang='lat' dir='ltr'><strong>lateque</strong></span> <span class='ocrx_word' id='word_1_87' title='bbox 1207 1618 1241 1662; x_wconf 88' lang='lat' dir='ltr'><strong>se</strong></span> 
     </span>
     <span class='ocr_line' id='line_1_12' title="bbox 140 1702 1242 1788; baseline 0.004 -20"><span class='ocrx_word' id='word_1_88' title='bbox 140 1707 227 1769; x_wconf 84' lang='lat' dir='ltr'><strong>lactat</strong></span> <span class='ocrx_word' id='word_1_89' title='bbox 252 1705 371 1786; x_wconf 85' lang='lat' dir='ltr'><strong>Didymi</strong></span> <span class='ocrx_word' id='word_1_90' title='bbox 403 1704 533 1766; x_wconf 87' lang='lat' dir='ltr'><strong>videntis</strong></span> <span class='ocrx_word' id='word_1_91' title='bbox 567 1719 636 1764; x_wconf 88' lang='lat' dir='ltr'><strong>esse</strong></span> <span class='ocrx_word' id='word_1_92' title='bbox 658 1702 835 1780; x_wconf 92' lang='lat' dir='ltr'><strong>discipulum</strong></span> <span class='ocrx_word' id='word_1_93' title='bbox 858 1713 888 1766; x_wconf 91' lang='lat' dir='ltr'><strong>et</strong></span> <span class='ocrx_word' id='word_1_94' title='bbox 911 1703 1103 1786; x_wconf 69' lang='grc' dir='ltr'><strong>καθηγητήν,</strong></span> <span class='ocrx_word' id='word_1_95' title='bbox 1130 1709 1242 1788; x_wconf 87' lang='lat' dir='ltr'><strong>idest,</strong></span> 
     </span>
     <span class='ocr_line' id='line_1_13' title="bbox 140 1814 1242 1896; baseline 0.004 -19"><span class='ocrx_word' id='word_1_96' title='bbox 140 1827 368 1896; x_wconf 70' lang='lat' dir='ltr'><strong>praeceptorem</strong></span> <span class='ocrx_word' id='word_1_97' title='bbox 391 1817 420 1876; x_wconf 92' lang='lat' dir='ltr'><strong>in</strong></span> <span class='ocrx_word' id='word_1_98' title='bbox 440 1815 597 1894; x_wconf 90' lang='lat' dir='ltr'><strong>scripturis</strong></span> <span class='ocrx_word' id='word_1_99' title='bbox 615 1815 727 1876; x_wconf 88' lang='lat' dir='ltr'><strong>sanetis</strong></span> <span class='ocrx_word' id='word_1_100' title='bbox 741 1814 882 1877; x_wconf 89' lang='lat' dir='ltr'><strong>habuisse</strong></span> <span class='ocrx_word' id='word_1_101' title='bbox 896 1815 1062 1896; x_wconf 91' lang='lat' dir='ltr'><strong>Didymum.</strong></span> <span class='ocrx_word' id='word_1_102' title='bbox 1086 1817 1124 1880; x_wconf 85' lang='lat' dir='ltr'><strong>Et</strong></span> <span class='ocrx_word' id='word_1_103' title='bbox 1145 1821 1242 1883; x_wconf 91' lang='lat' dir='ltr'><strong>omnis</strong></span> 
     </span>
     <span class='ocr_line' id='line_1_14' title="bbox 140 1925 1241 2005; baseline 0.001 -18"><span class='ocrx_word' id='word_1_104' title='bbox 140 1927 197 1990; x_wconf 87' lang='lat' dir='ltr'><strong>ista</strong></span> <span class='ocrx_word' id='word_1_105' title='bbox 229 1925 367 1987; x_wconf 89' lang='lat' dir='ltr'><strong>iactantia</strong></span> <span class='ocrx_word' id='word_1_106' title='bbox 391 1942 451 1985; x_wconf 93' lang='lat' dir='ltr'><strong>uno</strong></span> <span class='ocrx_word' id='word_1_107' title='bbox 474 1943 577 1986; x_wconf 91' lang='lat' dir='ltr'><strong>mense</strong></span> <span class='ocrx_word' id='word_1_108' title='bbox 610 1925 743 2003; x_wconf 90' lang='lat' dir='ltr'><strong>quaesita</strong></span> <span class='ocrx_word' id='word_1_109' title='bbox 778 1926 894 2000; x_wconf 79' lang='lat' dir='ltr'><strong>est“²].</strong></span> <span class='ocrx_word' id='word_1_110' title='bbox 939 1927 1110 2005; x_wconf 84' lang='lat' dir='ltr'><strong>Quanquam</strong></span> <span class='ocrx_word' id='word_1_111' title='bbox 1144 1939 1241 1990; x_wconf 89' lang='lat' dir='ltr'><strong>autem</strong></span> 
     </span>
     <span class='ocr_line' id='line_1_15' title="bbox 141 2035 1242 2118; baseline 0 -19"><span class='ocrx_word' id='word_1_112' title='bbox 141 2037 342 2118; x_wconf 88' lang='lat' dir='ltr'><strong>Hieronymus</strong></span> <span class='ocrx_word' id='word_1_113' title='bbox 364 2036 565 2098; x_wconf 85' lang='lat' dir='ltr'><strong>Alexandriae</strong></span> <span class='ocrx_word' id='word_1_114' title='bbox 587 2035 799 2115; x_wconf 75' lang='lat' dir='ltr'><strong>aliquantisper</strong></span> <span class='ocrx_word' id='word_1_115' title='bbox 829 2043 943 2098; x_wconf 87' lang='lat' dir='ltr'><strong>tantum</strong></span> <span class='ocrx_word' id='word_1_116' title='bbox 965 2037 1122 2118; x_wconf 90' lang='lat' dir='ltr'><strong>Didymum</strong></span> <span class='ocrx_word' id='word_1_117' title='bbox 1154 2038 1242 2100; x_wconf 91' lang='lat' dir='ltr'><strong>audi-</strong></span> 
     </span>
     <span class='ocr_line' id='line_1_16' title="bbox 140 2147 1310 2229; baseline -0.003 -18"><span class='ocrx_word' id='word_1_118' title='bbox 140 2158 228 2212; x_wconf 85' lang='lat' dir='ltr'><strong>turus</strong></span> <span class='ocrx_word' id='word_1_119' title='bbox 244 2148 390 2225; x_wconf 91' lang='lat' dir='ltr'><strong>consedit,</strong></span> <span class='ocrx_word' id='word_1_120' title='bbox 413 2156 519 2222; x_wconf 85' lang='lat' dir='ltr'><strong>tamen,</strong></span> <span class='ocrx_word' id='word_1_121' title='bbox 535 2157 691 2225; x_wconf 85' lang='lat' dir='ltr'><strong>antequam</strong></span> <span class='ocrx_word' id='word_1_122' title='bbox 710 2147 740 2208; x_wconf 95' lang='lat' dir='ltr'><strong>in</strong></span> <span class='ocrx_word' id='word_1_123' title='bbox 753 2147 947 2209; x_wconf 88' lang='lat' dir='ltr'><strong>Palaestinam</strong></span> <span class='ocrx_word' id='word_1_124' title='bbox 965 2147 1089 2224; x_wconf 89' lang='lat' dir='ltr'><strong>rediret,</strong></span> <span class='ocrx_word' id='word_1_125' title='bbox 1111 2147 1244 2229; x_wconf 83' lang='lat' dir='ltr'><strong>Aegypti</strong></span> <span class='ocrx_word' id='word_1_126' title='bbox 1309 2212 1310 2215; x_wconf 49' lang='lat'><strong>,</strong></span> 
     </span>
     <span class='ocr_line' id='line_1_17' title="bbox 141 2253 1243 2339; baseline -0.002 -19"><span class='ocrx_word' id='word_1_127' title='bbox 141 2259 319 2321; x_wconf 89' lang='lat' dir='ltr'><strong>monasteria</strong></span> <span class='ocrx_word' id='word_1_128' title='bbox 339 2259 523 2339; x_wconf 86' lang='lat' dir='ltr'><strong>peragravit.</strong></span> <span class='ocrx_word' id='word_1_129' title='bbox 568 2253 636 2338; x_wconf 93' lang='lat' dir='ltr'><strong>lpse</strong></span> <span class='ocrx_word' id='word_1_130' title='bbox 664 2259 743 2319; x_wconf 93' lang='lat' dir='ltr'><strong>enim</strong></span> <span class='ocrx_word' id='word_1_131' title='bbox 773 2259 893 2320; x_wconf 88' lang='lat' dir='ltr'><strong>scribit:</strong></span> <span class='ocrx_word' id='word_1_132' title='bbox 925 2257 1092 2336; x_wconf 73' lang='lat' dir='ltr'><strong>„contendi</strong></span> <span class='ocrx_word' id='word_1_133' title='bbox 1113 2255 1243 2338; x_wconf 88' lang='lat' dir='ltr'><strong>Aegyp·</strong></span> 
     </span>
     <span class='ocr_line' id='line_1_18' title="bbox 141 2368 1243 2448; baseline -0.002 -16"><span class='ocrx_word' id='word_1_134' title='bbox 141 2379 213 2448; x_wconf 91' lang='lat' dir='ltr'><strong>tum,</strong></span> <span class='ocrx_word' id='word_1_135' title='bbox 245 2369 372 2432; x_wconf 90' lang='lat' dir='ltr'><strong>lustravi</strong></span> <span class='ocrx_word' id='word_1_136' title='bbox 402 2370 582 2431; x_wconf 89' lang='lat' dir='ltr'><strong>monasteria</strong></span> <span class='ocrx_word' id='word_1_137' title='bbox 610 2369 724 2431; x_wconf 86' lang='lat' dir='ltr'><strong>Nitriae</strong></span> <span class='ocrx_word' id='word_1_138' title='bbox 754 2377 785 2431; x_wconf 90' lang='lat' dir='ltr'><strong>et</strong></span> <span class='ocrx_word' id='word_1_139' title='bbox 821 2369 899 2432; x_wconf 88' lang='lat' dir='ltr'><strong>inter</strong></span> <span class='ocrx_word' id='word_1_140' title='bbox 929 2379 1100 2431; x_wconf 90' lang='lat' dir='ltr'><strong>sanctorum</strong></span> <span class='ocrx_word' id='word_1_141' title='bbox 1132 2368 1243 2430; x_wconf 87' lang='lat' dir='ltr'><strong>choros</strong></span> 
     </span>
     <span class='ocr_line' id='line_1_19' title="bbox 143 2471 1244 2558; baseline -0.002 -18"><span class='ocrx_word' id='word_1_142' title='bbox 143 2479 258 2558; x_wconf 84' lang='lat' dir='ltr'><strong>aspides</strong></span> <span class='ocrx_word' id='word_1_143' title='bbox 281 2479 378 2540; x_wconf 89' lang='lat' dir='ltr'><strong>latere</strong></span> <span class='ocrx_word' id='word_1_144' title='bbox 401 2471 562 2557; x_wconf 85' lang='lat' dir='ltr'><strong>perspexi“</strong></span> <span class='ocrx_word' id='word_1_145' title='bbox 580 2481 617 2554; x_wconf 81' lang='lat'><strong>³),</strong></span> <span class='ocrx_word' id='word_1_146' title='bbox 642 2478 829 2558; x_wconf 87' lang='lat' dir='ltr'><strong>Origenistas</strong></span> <span class='ocrx_word' id='word_1_147' title='bbox 851 2477 1034 2558; x_wconf 84' lang='lat' dir='ltr'><strong>intelligens,</strong></span> <span class='ocrx_word' id='word_1_148' title='bbox 1067 2479 1174 2556; x_wconf 88' lang='lat' dir='ltr'><strong>quibus</strong></span> <span class='ocrx_word' id='word_1_149' title='bbox 1195 2477 1244 2538; x_wconf 88' lang='lat' dir='ltr'><strong>l-</strong></span> 
     </span>
     <span class='ocr_line' id='line_1_20' title="bbox 141 2586 1245 2667; baseline -0.001 -19"><span class='ocrx_word' id='word_1_150' title='bbox 141 2589 229 2650; x_wconf 88' lang='lat' dir='ltr'><strong>vebat</strong></span> <span class='ocrx_word' id='word_1_151' title='bbox 257 2587 393 2650; x_wconf 85' lang='lat' dir='ltr'><strong>Rufinus.</strong></span> <span class='ocrx_word' id='word_1_152' title='bbox 448 2586 570 2666; x_wconf 88' lang='lat' dir='ltr'><strong>Singula</strong></span> <span class='ocrx_word' id='word_1_153' title='bbox 605 2587 709 2666; x_wconf 85' lang='lat' dir='ltr'><strong>igitur,</strong></span> <span class='ocrx_word' id='word_1_154' title='bbox 747 2603 824 2664; x_wconf 90' lang='lat' dir='ltr'><strong>quae</strong></span> <span class='ocrx_word' id='word_1_155' title='bbox 857 2603 912 2664; x_wconf 88' lang='lat' dir='ltr'><strong>per</strong></span> <span class='ocrx_word' id='word_1_156' title='bbox 944 2587 1117 2667; x_wconf 89' lang='lat' dir='ltr'><strong>Hieronymi</strong></span> <span class='ocrx_word' id='word_1_157' title='bbox 1152 2603 1245 2664; x_wconf 89' lang='lat' dir='ltr'><strong>opera</strong></span> 
     </span>
     <span class='ocr_line' id='line_1_21' title="bbox 142 2695 1244 2776; baseline -0.003 -17"><span class='ocrx_word' id='word_1_158' title='bbox 142 2714 246 2776; x_wconf 87' lang='lat' dir='ltr'><strong>sparsa</strong></span> <span class='ocrx_word' id='word_1_159' title='bbox 268 2696 305 2756; x_wconf 92' lang='lat' dir='ltr'><strong>de</strong></span> <span class='ocrx_word' id='word_1_160' title='bbox 328 2696 465 2756; x_wconf 83' lang='lat' dir='ltr'><strong>Macariis</strong></span> <span class='ocrx_word' id='word_1_161' title='bbox 488 2695 642 2776; x_wconf 91' lang='lat' dir='ltr'><strong>leguntur,</strong></span> <span class='ocrx_word' id='word_1_162' title='bbox 671 2704 738 2772; x_wconf 89' lang='lat' dir='ltr'><strong>post</strong></span> <span class='ocrx_word' id='word_1_163' title='bbox 760 2695 885 2775; x_wconf 86' lang='lat' dir='ltr'><strong>Euagrii</strong></span> <span class='ocrx_word' id='word_1_164' title='bbox 913 2695 979 2757; x_wconf 89' lang='lat' dir='ltr'><strong>loca</strong></span> <span class='ocrx_word' id='word_1_165' title='bbox 1007 2696 1244 2760; x_wconf 88' lang='lat' dir='ltr'><strong>diiudicabimus.</strong></span> 
     </span>
    </p>

    <p class='ocr_par' dir='ltr' id='par_1_4' title="bbox 144 2803 1247 3545">
     <span class='ocr_line' id='line_1_22' title="bbox 233 2803 1246 2885; baseline 0.002 -18"><span class='ocrx_word' id='word_1_166' title='bbox 233 2807 264 2885; x_wconf 72' lang='lat'><strong>§-</strong></span> <span class='ocrx_word' id='word_1_167' title='bbox 289 2807 318 2867; x_wconf 86' lang='lat'><strong>9.</strong></span> <span class='ocrx_word' id='word_1_168' title='bbox 363 2805 489 2868; x_wconf 89' lang='lat' dir='ltr'><strong>lHtimus</strong></span> <span class='ocrx_word' id='word_1_169' title='bbox 521 2823 555 2868; x_wconf 90' lang='lat' dir='ltr'><strong>se</strong></span> <span class='ocrx_word' id='word_1_170' title='bbox 588 2805 675 2866; x_wconf 88' lang='lat' dir='ltr'><strong>nobis</strong></span> <span class='ocrx_word' id='word_1_171' title='bbox 707 2803 795 2866; x_wconf 84' lang='lat' dir='ltr'><strong>oilert</strong></span> <span class='ocrx_word' id='word_1_172' title='bbox 828 2805 994 2866; x_wconf 83' lang='lat' dir='ltr'><strong>Cassianus.</strong></span> <span class='ocrx_word' id='word_1_173' title='bbox 1051 2805 1079 2866; x_wconf 87' lang='lat' dir='ltr'><strong>ls</strong></span> <span class='ocrx_word' id='word_1_174' title='bbox 1115 2815 1246 2870; x_wconf 87' lang='lat' dir='ltr'><strong>exeunte</strong></span> 
     </span>
     <span class='ocr_line' id='line_1_23' title="bbox 144 2915 1245 2994; baseline 0.001 -16"><span class='ocrx_word' id='word_1_175' title='bbox 144 2916 265 2978; x_wconf 88' lang='lat' dir='ltr'><strong>saeculo</strong></span> <span class='ocrx_word' id='word_1_176' title='bbox 288 2925 405 2994; x_wconf 84' lang='lat' dir='ltr'><strong>quarto,</strong></span> <span class='ocrx_word' id='word_1_177' title='bbox 429 2934 519 2994; x_wconf 93' lang='lat' dir='ltr'><strong>quum</strong></span> <span class='ocrx_word' id='word_1_178' title='bbox 543 2915 659 2976; x_wconf 88' lang='lat' dir='ltr'><strong>iuvenis</strong></span> <span class='ocrx_word' id='word_1_179' title='bbox 674 2923 765 2992; x_wconf 86' lang='lat' dir='ltr'><strong>esset,</strong></span> <span class='ocrx_word' id='word_1_180' title='bbox 788 2933 827 2976; x_wconf 82' lang='lat' dir='ltr'><strong>ex</strong></span> <span class='ocrx_word' id='word_1_181' title='bbox 843 2916 988 2976; x_wconf 90' lang='lat' dir='ltr'><strong>coenobio</strong></span> <span class='ocrx_word' id='word_1_182' title='bbox 1000 2916 1245 2980; x_wconf 89' lang='lat' dir='ltr'><strong>Bethlehemitico</strong></span> 
     </span>
     <span class='ocr_line' id='line_1_24' title="bbox 145 3005 1245 3107; baseline 0.001 -19"><span class='ocrx_word' id='word_1_183' title='bbox 145 3029 175 3088; x_wconf 93' lang='lat' dir='ltr'><strong>ln</strong></span> <span class='ocrx_word' id='word_1_184' title='bbox 203 3027 374 3107; x_wconf 82' lang='lat' dir='ltr'><strong>Aegyptum</strong></span> <span class='ocrx_word' id='word_1_185' title='bbox 407 3025 527 3087; x_wconf 90' lang='lat' dir='ltr'><strong>venisse</strong></span> <span class='ocrx_word' id='word_1_186' title='bbox 557 3023 674 3086; x_wconf 91' lang='lat' dir='ltr'><strong>videtur</strong></span> <span class='ocrx_word' id='word_1_187' title='bbox 685 3027 712 3100; x_wconf 62' lang='grc'><strong>4)</strong></span> <span class='ocrx_word' id='word_1_188' title='bbox 743 3031 774 3084; x_wconf 84' lang='lat' dir='ltr'><strong>et</strong></span> <span class='ocrx_word' id='word_1_189' title='bbox 802 3005 833 3083; x_wconf 85' lang='lat' dir='ltr'><strong>in</strong></span> <span class='ocrx_word' id='word_1_190' title='bbox 863 3023 926 3085; x_wconf 93' lang='lat' dir='ltr'><strong>sola</strong></span> <span class='ocrx_word' id='word_1_191' title='bbox 956 3022 1113 3089; x_wconf 81' lang='lat' dir='ltr'><strong>Thebaidis</strong></span> <span class='ocrx_word' id='word_1_192' title='bbox 1142 3045 1245 3088; x_wconf 89' lang='lat' dir='ltr'><strong>eremo</strong></span> 
     </span>
     <span class='ocr_line' id='line_1_25' title="bbox 146 3134 1245 3218; baseline 0 -20"><span class='ocrx_word' id='word_1_193' title='bbox 146 3135 331 3214; x_wconf 85' lang='lat' dir='ltr'><strong>septennium</strong></span> <span class='ocrx_word' id='word_1_194' title='bbox 343 3135 475 3214; x_wconf 80' lang='lat' dir='ltr'><strong>expleuit</strong></span> <span class='ocrx_word' id='word_1_195' title='bbox 486 3138 510 3209; x_wconf 84' lang='lat'><strong>⁵)</strong></span> <span class='ocrx_word' id='word_1_196' title='bbox 516 3153 525 3208; x_wconf 89' lang='lat'>;</span> <span class='ocrx_word' id='word_1_197' title='bbox 548 3135 628 3196; x_wconf 91' lang='lat' dir='ltr'><strong>unde</strong></span> <span class='ocrx_word' id='word_1_198' title='bbox 644 3134 789 3213; x_wconf 83' lang='lat' dir='ltr'><strong>colligere</strong></span> <span class='ocrx_word' id='word_1_199' title='bbox 811 3134 890 3212; x_wconf 86' lang='lat' dir='ltr'><strong>licet,</strong></span> <span class='ocrx_word' id='word_1_200' title='bbox 912 3135 989 3196; x_wconf 89' lang='lat' dir='ltr'><strong>haud</strong></span> <span class='ocrx_word' id='word_1_201' title='bbox 1002 3137 1144 3218; x_wconf 85' lang='lat' dir='ltr'><strong>exiguum</strong></span> <span class='ocrx_word' id='word_1_202' title='bbox 1166 3147 1245 3201; x_wconf 91' lang='lat' dir='ltr'><strong>tern-</strong></span> 
     </span>
     <span class='ocr_line' id='line_1_26' title="bbox 147 3244 1247 3328; baseline 0.002 -22"><span class='ocrx_word' id='word_1_203' title='bbox 147 3245 230 3324; x_wconf 90' lang='lat' dir='ltr'><strong>poris</strong></span> <span class='ocrx_word' id='word_1_204' title='bbox 252 3245 379 3324; x_wconf 90' lang='lat' dir='ltr'><strong>spatium</strong></span> <span class='ocrx_word' id='word_1_205' title='bbox 401 3244 535 3324; x_wconf 90' lang='lat' dir='ltr'><strong>reliquae</strong></span> <span class='ocrx_word' id='word_1_206' title='bbox 557 3245 793 3325; x_wconf 89' lang='lat' dir='ltr'><strong>peregrinationi</strong></span> <span class='ocrx_word' id='word_1_207' title='bbox 816 3247 899 3320; x_wconf 90' lang='lat' dir='ltr'><strong>(nam</strong></span> <span class='ocrx_word' id='word_1_208' title='bbox 921 3245 1043 3306; x_wconf 91' lang='lat' dir='ltr'><strong>multum</strong></span> <span class='ocrx_word' id='word_1_209' title='bbox 1066 3248 1247 3328; x_wconf 85' lang='lat' dir='ltr'><strong>peregrina-</strong></span> 
     </span>
     <span class='ocr_line' id='line_1_27' title="bbox 147 3354 1247 3435; baseline 0.002 -18"><span class='ocrx_word' id='word_1_210' title='bbox 147 3365 196 3418; x_wconf 88' lang='lat' dir='ltr'><strong>tus</strong></span> <span class='ocrx_word' id='word_1_211' title='bbox 217 3361 281 3430; x_wconf 84' lang='lat' dir='ltr'><strong>est)</strong></span> <span class='ocrx_word' id='word_1_212' title='bbox 303 3357 400 3434; x_wconf 91' lang='lat' dir='ltr'><strong>ipsum</strong></span> <span class='ocrx_word' id='word_1_213' title='bbox 423 3355 614 3434; x_wconf 90' lang='lat' dir='ltr'><strong>impendisse.</strong></span> <span class='ocrx_word' id='word_1_214' title='bbox 659 3354 805 3416; x_wconf 89' lang='lat' dir='ltr'><strong>Neutrum</strong></span> <span class='ocrx_word' id='word_1_215' title='bbox 835 3354 1034 3416; x_wconf 83' lang='lat' dir='ltr'><strong>lilacariorum</strong></span> <span class='ocrx_word' id='word_1_216' title='bbox 1056 3359 1247 3435; x_wconf 90' lang='lat' dir='ltr'><strong>superstitem</strong></span> 
     </span>
     <span class='ocr_line' id='line_1_28' title="bbox 146 3465 1247 3545; baseline 0.002 -19"><span class='ocrx_word' id='word_1_217' title='bbox 146 3466 271 3544; x_wconf 90' lang='lat' dir='ltr'><strong>invenit,</strong></span> <span class='ocrx_word' id='word_1_218' title='bbox 302 3465 366 3544; x_wconf 90' lang='lat' dir='ltr'><strong>sed,</strong></span> <span class='ocrx_word' id='word_1_219' title='bbox 397 3481 474 3544; x_wconf 89' lang='lat' dir='ltr'><strong>quae</strong></span> <span class='ocrx_word' id='word_1_220' title='bbox 502 3465 533 3526; x_wconf 93' lang='lat' dir='ltr'><strong>in</strong></span> <span class='ocrx_word' id='word_1_221' title='bbox 555 3465 771 3529; x_wconf 86' lang='lat' dir='ltr'><strong>Collationibus</strong></span> <span class='ocrx_word' id='word_1_222' title='bbox 794 3465 915 3526; x_wconf 89' lang='lat' dir='ltr'><strong>Patrum</strong></span> <span class='ocrx_word' id='word_1_223' title='bbox 944 3465 982 3526; x_wconf 92' lang='lat' dir='ltr'><strong>de</strong></span> <span class='ocrx_word' id='word_1_224' title='bbox 1010 3466 1048 3527; x_wconf 89' lang='lat' dir='ltr'><strong>iis</strong></span> <span class='ocrx_word' id='word_1_225' title='bbox 1070 3465 1175 3545; x_wconf 89' lang='lat' dir='ltr'><strong>refert,</strong></span> <span class='ocrx_word' id='word_1_226' title='bbox 1208 3485 1247 3528; x_wconf 83' lang='lat' dir='ltr'><strong>ex</strong></span> 
     </span>
    </p>
   </div>
   <div class='ocr_carea' id='block_1_3' title="bbox 175 3727 1250 4063">
    <p class='ocr_par' dir='ltr' id='par_1_5' title="bbox 178 3727 1248 3796">
     <span class='ocr_line' id='line_1_29' title="bbox 178 3727 1248 3796; baseline 0 -15"><span class='ocrx_word' id='word_1_227' title='bbox 178 3731 208 3794; x_wconf 81' lang='lat'><strong>1)</strong></span> <span class='ocrx_word' id='word_1_228' title='bbox 229 3729 259 3779; x_wconf 97' lang='lat' dir='ltr'><strong>ln</strong></span> <span class='ocrx_word' id='word_1_229' title='bbox 279 3731 331 3780; x_wconf 87' lang='lat' dir='ltr'><strong>vita</strong></span> <span class='ocrx_word' id='word_1_230' title='bbox 352 3731 425 3780; x_wconf 82' lang='lat' dir='ltr'><strong>Pauli</strong></span> <span class='ocrx_word' id='word_1_231' title='bbox 447 3729 644 3796; x_wconf 85' lang='lat' dir='ltr'><strong>eremitanpp.</strong></span> <span class='ocrx_word' id='word_1_232' title='bbox 657 3731 762 3784; x_wconf 88' lang='lat' dir='ltr'><strong>Hieron.</strong></span> <span class='ocrx_word' id='word_1_233' title='bbox 784 3729 824 3784; x_wconf 89' lang='lat' dir='ltr'><strong>ed.</strong></span> <span class='ocrx_word' id='word_1_234' title='bbox 840 3727 936 3784; x_wconf 83' lang='lat' dir='ltr'><strong>Bened.</strong></span> <span class='ocrx_word' id='word_1_235' title='bbox 957 3727 985 3778; x_wconf 87' lang='grc' dir='ltr'><strong>Τ.</strong></span> <span class='ocrx_word' id='word_1_236' title='bbox 999 3727 1042 3782; x_wconf 87' lang='lat' dir='ltr'><strong>lV.</strong></span> <span class='ocrx_word' id='word_1_237' title='bbox 1063 3731 1092 3782; x_wconf 83' lang='lat' dir='ltr'><strong>P.</strong></span> <span class='ocrx_word' id='word_1_238' title='bbox 1113 3731 1137 3780; x_wconf 93' lang='lat' dir='ltr'><strong>ll</strong></span> <span class='ocrx_word' id='word_1_239' title='bbox 1158 3746 1183 3795; x_wconf 91' lang='lat' dir='ltr'><strong>p.</strong></span> <span class='ocrx_word' id='word_1_240' title='bbox 1203 3729 1248 3785; x_wconf 84' lang='lat'><strong>69.</strong></span> 
     </span>
    </p>

    <p class='ocr_par' dir='ltr' id='par_1_6' title="bbox 176 3814 942 3884">
     <span class='ocr_line' id='line_1_30' title="bbox 176 3814 942 3884; baseline -0.005 -14"><span class='ocrx_word' id='word_1_241' title='bbox 176 3817 205 3884; x_wconf 87' lang='lat'><strong>2)</strong></span> <span class='ocrx_word' id='word_1_242' title='bbox 226 3817 281 3872; x_wconf 89' lang='lat' dir='ltr'><strong>lnv.</strong></span> <span class='ocrx_word' id='word_1_243' title='bbox 304 3819 338 3872; x_wconf 88' lang='lat' dir='ltr'><strong>ll.</strong></span> <span class='ocrx_word' id='word_1_244' title='bbox 360 3815 425 3884; x_wconf 87' lang='lat' dir='ltr'><strong>Opp.</strong></span> <span class='ocrx_word' id='word_1_245' title='bbox 450 3819 553 3872; x_wconf 86' lang='lat' dir='ltr'><strong>Hieron.</strong></span> <span class='ocrx_word' id='word_1_246' title='bbox 574 3819 614 3874; x_wconf 85' lang='lat' dir='ltr'><strong>cd.</strong></span> <span class='ocrx_word' id='word_1_247' title='bbox 635 3818 732 3874; x_wconf 84' lang='lat' dir='ltr'><strong>Beued,</strong></span> <span class='ocrx_word' id='word_1_248' title='bbox 753 3818 770 3873; x_wconf 87' lang='lat' dir='ltr'><strong>l.</strong></span> <span class='ocrx_word' id='word_1_249' title='bbox 791 3817 808 3872; x_wconf 86' lang='lat' dir='ltr'><strong>l.</strong></span> <span class='ocrx_word' id='word_1_250' title='bbox 829 3833 855 3882; x_wconf 87' lang='lat' dir='ltr'><strong>p.</strong></span> <span class='ocrx_word' id='word_1_251' title='bbox 878 3814 942 3870; x_wconf 76' lang='lat'><strong>422.</strong></span> 
     </span>
    </p>

    <p class='ocr_par' dir='ltr' id='par_1_7' title="bbox 175 3903 1250 4063">
     <span class='ocr_line' id='line_1_31' title="bbox 175 3903 1249 3973; baseline 0.002 -15"><span class='ocrx_word' id='word_1_252' title='bbox 175 3905 205 3973; x_wconf 88' lang='lat'><strong>3)</strong></span> <span class='ocrx_word' id='word_1_253' title='bbox 225 3905 302 3972; x_wconf 83' lang='lat' dir='ltr'><strong>Apol.</strong></span> <span class='ocrx_word' id='word_1_254' title='bbox 322 3907 381 3963; x_wconf 83' lang='lat' dir='ltr'><strong>adv.</strong></span> <span class='ocrx_word' id='word_1_255' title='bbox 401 3907 518 3958; x_wconf 85' lang='lat' dir='ltr'><strong>Rufinum</strong></span> <span class='ocrx_word' id='word_1_256' title='bbox 539 3907 584 3958; x_wconf 88' lang='lat' dir='ltr'><strong>lib.</strong></span> <span class='ocrx_word' id='word_1_257' title='bbox 607 3911 655 3958; x_wconf 91' lang='lat' dir='ltr'><strong>lll.</strong></span> <span class='ocrx_word' id='word_1_258' title='bbox 699 3905 764 3972; x_wconf 89' lang='lat' dir='ltr'><strong>Opp.</strong></span> <span class='ocrx_word' id='word_1_259' title='bbox 788 3906 892 3956; x_wconf 87' lang='lat' dir='ltr'><strong>Hieron.</strong></span> <span class='ocrx_word' id='word_1_260' title='bbox 907 3905 947 3955; x_wconf 88' lang='lat' dir='ltr'><strong>ed.</strong></span> <span class='ocrx_word' id='word_1_261' title='bbox 969 3906 1066 3962; x_wconf 86' lang='lat' dir='ltr'><strong>Beued.</strong></span> <span class='ocrx_word' id='word_1_262' title='bbox 1087 3905 1104 3959; x_wconf 91' lang='lat' dir='ltr'><strong>l.</strong></span> <span class='ocrx_word' id='word_1_263' title='bbox 1116 3905 1132 3959; x_wconf 91' lang='lat' dir='ltr'><strong>l.</strong></span> <span class='ocrx_word' id='word_1_264' title='bbox 1147 3920 1172 3969; x_wconf 92' lang='lat' dir='ltr'><strong>p.</strong></span> <span class='ocrx_word' id='word_1_265' title='bbox 1184 3903 1249 3960; x_wconf 76' lang='lat' dir='ltr'><strong>lot.</strong></span> 
     </span>
     <span class='ocr_line' id='line_1_32' title="bbox 228 3991 1250 4063; baseline -0.003 -18"><span class='ocrx_word' id='word_1_266' title='bbox 228 3995 267 4045; x_wconf 90' lang='lat' dir='ltr'><strong>De</strong></span> <span class='ocrx_word' id='word_1_267' title='bbox 287 3996 378 4045; x_wconf 88' lang='lat' dir='ltr'><strong>itinere</strong></span> <span class='ocrx_word' id='word_1_268' title='bbox 393 3995 540 4060; x_wconf 88' lang='lat' dir='ltr'><strong>Hieronymi</strong></span> <span class='ocrx_word' id='word_1_269' title='bbox 561 3997 744 4063; x_wconf 83' lang='lat' dir='ltr'><strong>inAegyptum</strong></span> <span class='ocrx_word' id='word_1_270' title='bbox 765 3995 798 4049; x_wconf 87' lang='lat' dir='ltr'><strong>cf.</strong></span> <span class='ocrx_word' id='word_1_271' title='bbox 811 3994 875 4060; x_wconf 88' lang='lat' dir='ltr'><strong>Opp.</strong></span> <span class='ocrx_word' id='word_1_272' title='bbox 894 3995 998 4044; x_wconf 89' lang='lat' dir='ltr'><strong>Hieron.</strong></span> <span class='ocrx_word' id='word_1_273' title='bbox 1022 3995 1063 4050; x_wconf 83' lang='lat' dir='ltr'><strong>ed.</strong></span> <span class='ocrx_word' id='word_1_274' title='bbox 1084 3995 1168 4059; x_wconf 86' lang='lat' dir='ltr'><strong>Higne</strong></span> <span class='ocrx_word' id='word_1_275' title='bbox 1189 3991 1216 4047; x_wconf 85' lang='lat' dir='ltr'><strong>T.</strong></span> <span class='ocrx_word' id='word_1_276' title='bbox 1238 3996 1250 4043; x_wconf 92' lang='lat' dir='ltr'><strong>l</strong></span> 
     </span>
    </p>
   </div>
   <div class='ocr_carea' id='block_1_4' title="bbox 178 4083 1251 4235">
    <p class='ocr_par' dir='ltr' id='par_1_8' title="bbox 178 4083 1251 4235">
     <span class='ocr_line' id='line_1_33' title="bbox 248 4083 390 4134; baseline -0.007 -1"><span class='ocrx_word' id='word_1_277' title='bbox 248 4083 345 4134; x_wconf 76' lang='lat' dir='ltr'><strong>,dds</strong></span> <span class='ocrx_word' id='word_1_278' title='bbox 385 4120 390 4132; x_wconf 91' lang='lat'><strong>.</strong></span> 
     </span>
     <span class='ocr_line' id='line_1_34' title="bbox 178 4099 1251 4235; baseline -0.001 -14"><span class='ocrx_word' id='word_1_279' title='bbox 178 4166 210 4232; x_wconf 81' lang='grc'><strong>4)</strong></span> <span class='ocrx_word' id='word_1_280' title='bbox 229 4099 271 4224; x_wconf 53' lang='lat' dir='ltr'><strong>{y</strong></span> <span class='ocrx_word' id='word_1_281' title='bbox 293 4100 381 4220; x_wconf 57' lang='lat' dir='ltr'><strong>Alarqcfl</strong></span> <span class='ocrx_word' id='word_1_282' title='bbox 404 4169 496 4222; x_wconf 86' lang='lat' dir='ltr'><strong>Gazaei</strong></span> <span class='ocrx_word' id='word_1_283' title='bbox 531 4185 571 4235; x_wconf 88' lang='lat' dir='ltr'><strong>ep.</strong></span> <span class='ocrx_word' id='word_1_284' title='bbox 602 4171 633 4220; x_wconf 86' lang='lat' dir='ltr'><strong>ad</strong></span> <span class='ocrx_word' id='word_1_285' title='bbox 659 4170 779 4220; x_wconf 84' lang='lat' dir='ltr'><strong>lectorem</strong></span> <span class='ocrx_word' id='word_1_286' title='bbox 809 4173 835 4220; x_wconf 92' lang='lat' dir='ltr'><strong>in</strong></span> <span class='ocrx_word' id='word_1_287' title='bbox 864 4171 904 4224; x_wconf 88' lang='lat' dir='ltr'><strong>ed.</strong></span> <span class='ocrx_word' id='word_1_288' title='bbox 927 4167 1043 4220; x_wconf 85' lang='lat' dir='ltr'><strong>Cassiani</strong></span> <span class='ocrx_word' id='word_1_289' title='bbox 1072 4166 1137 4233; x_wconf 88' lang='lat' dir='ltr'><strong>Opp.</strong></span> <span class='ocrx_word' id='word_1_290' title='bbox 1166 4169 1251 4224; x_wconf 88' lang='lat' dir='ltr'><strong>initio.</strong></span> 
     </span>
    </p>
   </div>
   <div class='ocr_carea' id='block_1_5' title="bbox 180 4257 1011 4415">
    <p class='ocr_par' dir='ltr' id='par_1_9' title="bbox 180 4257 1011 4415">
     <span class='ocr_line' id='line_1_35' title="bbox 230 4257 918 4325; baseline 0.007 -17"><span class='ocrx_word' id='word_1_291' title='bbox 230 4257 324 4310; x_wconf 82' lang='lat' dir='ltr'><strong>[ludin.</strong></span> <span class='ocrx_word' id='word_1_292' title='bbox 348 4261 380 4310; x_wconf 92' lang='lat' dir='ltr'><strong>de</strong></span> <span class='ocrx_word' id='word_1_293' title='bbox 402 4260 504 4324; x_wconf 87' lang='lat' dir='ltr'><strong>Scriptt.</strong></span> <span class='ocrx_word' id='word_1_294' title='bbox 526 4259 618 4313; x_wconf 88' lang='lat' dir='ltr'><strong>eccles.</strong></span> <span class='ocrx_word' id='word_1_295' title='bbox 639 4259 666 4315; x_wconf 88' lang='grc' dir='ltr'><strong>Τ,</strong></span> <span class='ocrx_word' id='word_1_296' title='bbox 688 4263 697 4308; x_wconf 94' lang='lat' dir='ltr'><strong>l</strong></span> <span class='ocrx_word' id='word_1_297' title='bbox 719 4275 743 4324; x_wconf 84' lang='lat' dir='ltr'><strong>p.</strong></span> <span class='ocrx_word' id='word_1_298' title='bbox 769 4259 840 4310; x_wconf 78' lang='lat'>1133</span> <span class='ocrx_word' id='word_1_299' title='bbox 862 4275 918 4325; x_wconf 86' lang='lat' dir='ltr'><strong>sqq.</strong></span> 
     </span>
     <span class='ocr_line' id='line_1_36' title="bbox 180 4346 1011 4415; baseline 0 -17"><span class='ocrx_word' id='word_1_300' title='bbox 180 4349 208 4412; x_wconf 86' lang='lat'><strong>5)</strong></span> <span class='ocrx_word' id='word_1_301' title='bbox 230 4346 295 4405; x_wconf 85' lang='lat' dir='ltr'><strong>Coll.</strong></span> <span class='ocrx_word' id='word_1_302' title='bbox 318 4351 395 4401; x_wconf 83' lang='lat' dir='ltr'><strong>xvll</strong></span> <span class='ocrx_word' id='word_1_303' title='bbox 416 4365 472 4415; x_wconf 85' lang='lat' dir='ltr'><strong>cap.</strong></span> <span class='ocrx_word' id='word_1_304' title='bbox 493 4350 538 4404; x_wconf 83' lang='lat'><strong>31.</strong></span> <span class='ocrx_word' id='word_1_305' title='bbox 579 4348 645 4415; x_wconf 88' lang='lat' dir='ltr'><strong>Opp.</strong></span> <span class='ocrx_word' id='word_1_306' title='bbox 666 4347 781 4400; x_wconf 79' lang='lat' dir='ltr'><strong>Cassiani</strong></span> <span class='ocrx_word' id='word_1_307' title='bbox 798 4348 839 4403; x_wconf 77' lang='lat' dir='ltr'><strong>ed.</strong></span> <span class='ocrx_word' id='word_1_308' title='bbox 860 4348 877 4403; x_wconf 87' lang='lat' dir='ltr'><strong>l.</strong></span> <span class='ocrx_word' id='word_1_309' title='bbox 897 4364 923 4414; x_wconf 89' lang='lat' dir='ltr'><strong>p.</strong></span> <span class='ocrx_word' id='word_1_310' title='bbox 947 4347 1011 4401; x_wconf 83' lang='lat'><strong>513.</strong></span> 
     </span>
    </p>
   </div>
   <div class='ocr_carea' id='block_1_6' title="bbox 1042 4447 1059 4498">
    <p class='ocr_par' dir='ltr' id='par_1_10' title="bbox 1042 4447 1059 4498">
     <span class='ocr_line' id='line_1_37' title="bbox 1042 4447 1059 4498; baseline 0 0"><span class='ocrx_word' id='word_1_311' title='bbox 1042 4447 1059 4498; x_wconf 83' lang='lat'><strong>3</strong></span> 
     </span>
    </p>
   </div>
   <div class='ocr_carea' id='block_1_7' title="bbox 0 0 1514 4986">
    <p class='ocr_par' dir='ltr' id='par_1_11' title="bbox 0 0 1514 4986">
     <span class='ocr_line' id='line_1_38' title="bbox 0 0 1514 4986; baseline 0 0"><span class='ocrx_word' id='word_1_312' title='bbox 0 0 1514 4986; x_wconf 95' lang='lat' dir='ltr'><strong> </strong></span> 
     </span>
    </p>
   </div>
  </div>
 </body>
</html>
