2952 4972
528 449 580 466 --
637 409 712 497 469
764 453 820 482 -.-

127 619 324 704 effluere,
346 621 562 689 dedentem
579 621 997 706 adeuntem-Dorotheum,
1020 629 1054 691 et
1075 609 1222 703 dieram.

127 733 269 816 Frangere
279 731 381 796 officio
393 731 543 809 caritatis,-
564 730 705 812 quoniam
722 734 778 806 ¹eat
789 727 848 792 sdie
871 731 1074 814 imperatoris,
1097 737 1130 796 et
1139 750 1222 818 opus-

127 841 220 908 hebet
240 847 360 924 patrum
383 839 526 922 preoihns
555 843 588 902 et
609 838 733 903 restris.
790 837 851 902 Ora
874 855 930 920 pro
952 855 1009 916 ea,
1031 845 1065 902 ut
1086 845 1218 914 ouretru.

127 953 209 1016 Haeo
232 957 284 1016 est
306 951 386 1014 enim
409 965 529 1014 meroes
553 954 614 1012 tua.
647 946 732 1012 Haeo
744 952 844 1012 autem
867 965 936 1010 eum
959 946 1122 1027 audiisset,
1141 965 1219 1014 eoe-

127 1059 171 1140 pit
192 1057 270 1122 dere
293 1063 326 1120 et
348 1055 472 1120 dicere:
495 1054 641 1130 Quianam
664 1069 725 1136 ego
749 1071 817 1118 sum
839 1057 997 1134 peccator,
1015 1051 1095 1134 quod
1117 1051 1156 1116 de
1168 1071 1218 1116 me

127 1162 222 1228 talem
249 1163 423 1244 concepisti
457 1159 661 1243 opinionem?
717 1157 884 1238 Flexisque
917 1158 1046 1242 pedibus
1072 1157 1222 1232 ,diceban

128 1267 273 1332 Goneede
287 1267 386 1346 mim,
419 1271 527 1350 pater,
549 1270 584 1330 ut
604 1283 673 1328 mea
696 1269 834 1355 pennata
848 1263 1003 1344 defleam
1034 1283 1104 1330 uam
1127 1265 1221 1336 inulta

129 1383 209 1442 suut.
254 1377 322 1462 Ego
345 1378 424 1440 eninr
448 1393 515 1440 surn
537 1373 731 1452 irnireeidus,¹
747 1360 899 1454 planeque
921 1371 1020 1451 rudis,
1043 1378 1075 1436 et
1096 1374 1224 1458 igneum
1272 1449 1278 1462 Ι

118 1453 166 1544 ἰὰ
188 1481 268 1546 hano
291 1501 364 1547 rem.
408 1481 490 1546 Dicit
511 1481 540 1564 ei
563 1475 659 1544 abbas
681 1479 854 1556 Macarius:
875 1481 925 1544 An
947 1497 1009 1545 non
1034 1486 1108 1544 suat
1128 1482 1221 1548 etiarn

129 1587 180 1654 alii
201 1593 323 1672 patres,
359 1589 410 1669 qai
433 1607 488 1671 per
509 1589 605 1654 Deum
629 1589 717 1672 s'mna
739 1586 884 1653 iaciunt?
938 1585 1002 1650 Sed
1021 1586 1224 1658 tamendoeo

128 1701 277 1764 remansit
298 1715 429 1762 merens.
459 1695 513 1761 llla
534 1715 610 1760 vero
632 1696 724 1760 deit:
748 1697 814 1764 Fiat
827 1696 884 1761 Dei
905 1695 1059 1774 voluntas,
1083 1703 1116 1760 et
1138 1701 1222 1760 mota

130 1807 320 1889 poenitentia
343 1823 412 1866 eam
434 1805 556 1885 aceepit
576 1804 608 1870 iu
626 1801 753 1882 uellam,
777 1807 810 1867 et
830 1803 920 1870 novit
938 1798 1007 1876 eam
1030 1819 1104 1880 esse
1127 1820 1223 1866 sono·-

129 1931 213 1994 ηοω,
236 1912 378 1990 flensque
401 1911 583 1988 mnuuievit.
626 1909 700 1976 Eam
725 1915 826 1976 autern
854 1909 1105 1991 amplexadiuit:
1118 1909 1245 1994 ,Beue
1358 1919 1366 1932 ’

130 2017 256 2094 venisti,
285 2032 387 2078 soror.
424 2015 482 2078 Dei
496 2033 580 2078 -vero
603 2029 697 2098 apere
721 2015 776 2080 duit
798 2035 842 2088 os¹
859 2015 1226 2093 obstruetumdnernoni,

130 2144 171 2190 ne
194 2130 340 2210 argueret
362 2122 501 2186 ancillam
523 2124 600 2204 ssei,
636 2124 828 2203 quodenset
862 2125 981 2196 tenire.
1005 2125 1226 2204 domantem

129 2229 260 2293 daemon
282 2249 349 2294 eam
373 2230 423 2294 diu
445 2229 606 2314 affligeret,
628 2249 685 2313 per
706 2249 818 2316 preces
842 2251 911 2296 enm
934 2230 1113 2310 domuit“¹).
1163 2231 1223 2296 Sa-

129 2341 201 2399 nata
224 2335 343 2400 demum
364 2335 424 2400 filia
447 2335 568 2400 domuun
590 2335 682 2402 rediit
715 2357 782 2402 eum
805 2356 914 2424 magna
936 2339 1068 2404 civitatis
1100 2338 1223 2402 laetitia.

129 2440 191 2504 Sed
212 2441 408 2524 postmodum
430 2441 568 2530 diabolus
591 2462 659 2506 eam
682 2463 790 2510 narsus
813 2447 856 2508 ita
879 2445 982 2524 subiit,
1003 2451 1038 2508 ut
1052 2463 1226 2528 praegnans

129 2550 295 2616 videretur.
341 2553 533 2618 Examinanti
546 2551 656 2616 'autern
679 2555 740 2616 ista
762 2533 940 2636 imperatori
966 2554 1133 2636 instigante
1157 2552 1226 2615 dia-

133 2659 206 2722 bolo
229 2661 410 2742 respondit,
443 2661 634 2724 amonaeho
657 2661 818 2725 Dorotheo
841 2662 963 2726 allatum
993 2663 1049 2726 sibi
1083 2653 1225 2746 stuprum

131 2781 217 2829 esse.
260 2765 446 2833 Satellitibus
470 2767 562 2851 igitur
583 2767 652 2831 irati
673 2769 818 2849 principis
841 2769 872 2831 in
896 2767 1009 2836 Scetim
1032 2771 1135 2834 missis
1158 2771 1226 2834 Do-

131 2871 260 2936 rotheus
283 2875 349 2956 ipse
373 2891 408 2936 se
431 2871 548 2954 obtulit,
572 2874 794 2956 abeuntemque
816 2879 900 2939 totns
926 2883 1096 2941 conventus
1120 2861 1222 2942 tristi-

132 2979 175 3042 tia
197 2977 326 3042 afflictus
349 2979 492 3062 preoibns
517 2982 580 3049 suis
593 2986 781 3064 prosecutus
802 2987 860 3045 est.
895 2981 1040 3062 ,Sciebat
1062 2985 1141 3046 enim
1164 2983 1224 3046 ab·

133 3087 377 3168 bas'Maeurius,
401 3089 431 3152 in
453 3087 506 3152 ilio
528 3081 600 3152 nihil
624 3106 699 3152 esse
721 3088 823 3152 maid.
872 3089 922 3156 nd
944 3090 1042 3154 aulam
1065 3091 1224 3162 deductam
1353 3100 1360 3107 ’

134 3197 561 3278 onumimperatoruxorpue
585 3197 652 3259 eius
676 3199 884 3279 excepissent,
908 3213 945 3260 ae
967 3215 1008 3260 se.
1024 3197 1146 3262 detenta
1167 3217 1228 3262 re*

134 3306 227 3367 ritate
249 3303 429 3368 dimissuros
452 3323 519 3368 earn
551 3323 638 3368 esse¹
657 3309 891 3388 promisissent,
920 3305 1009 3370 filiam
1032 3310 1172 3391 ipsorum
1192 3309 1228 3372 se'

134 3406 185 3470 illa
206 3408 361 3489 exhibuit,
395 3428 564 3492 sonoraque
587 3419 696 3476 sanata
728 3419 938 3495 postponens
969 3413 1037 3478 dies
1059 3416 1227 3480 iavseetiu

134 3531 262 3576 reversa
285 3521 344 3593 est,
367 3516 501 3580 abiman
525 3516 553 3581 e'
566 3519 676 3582 mundo
700 3537 737 3584 se
760 3522 912 3584 exituram»
931 3519 1106 3606 intelligens
1120 3522 1229 3586 nomn

88 3603 99 3619 ⁶
137 3621 289 3688 Macerio:
315 3625 820 3706 ,Faninqoitoddeiomoaritatis
853 3629 1227 3716 Sipontigeritneemta

135 3729 302 3811 excedere,
326 3749 365 3795 no
387 3735 801 3814 me-eomponantmonaohi.
835 3733 865 3800 is
880 3755 955 3801 vero
978 3738 1051 3802 dicit
1074 3735 1116 3802 ei:
1134 3743 1228 3816 Qud-

136 3839 229 3902 modo
263 3845 370 3922 potest
395 3840 455 3904 hoo
485 3839 581 3904 sueri?
625 3843 669 3904 Ea
702 3831 818 3906 autem'
835 3852 1045 3910 consummate
1079 3855 1229 3912 venerunt

136 3950 239 4011 sancti
261 3954 387 4030 patres,
419 3954 454 4012 ut
475 3954 614 4038 sanetum
643 3951 708 4014 eius
732 3967 847 4034 eorpus
880 3953 1036 4016 lavarent„
1081 3953 1228 4018 Viderunt

137 4062 318 4120 autemeam
342 4073 507 4122 essesenu
529 4059 680 4137 feminam,
704 4059 956 4124 etenadnaarunt
977 4060 1131 4124 dieentes:
1153 4059 1228 4124 oro:

137 4164 184 4224 ria
207 4161 272 4240 tihi,
294 4158 427 4238 Christe,
443 4163 502 4242 *qui
524 4163 635 4227 mdtos
648 4164 755 4230 ,habes
777 4172 903 4229 sanetas
927 4164 1076 4228 nemitos,
1121 4156 1228 4230 ludmi-

141 4310 401 4324 *ιο-...ης

158 4398 185 4460 ι)
207 4397 273 4448 rara.
