2990 4986
669 395 913 492 ..oo-r

242 602 363 666 firmare
391 597 566 680 petitionem
597 595 760 660 nostram.“
810 593 903 661 Cuius
932 595 1052 677 quddam
1073 597 1238 660 sententiae
1259 597 1342 678 prior

242 730 314 794 pars
341 712 373 774 iu
400 706 587 772 collectionis
607 705 759 769 llosweidi
779 705 859 770 libro
891 707 984 772 tertio
1013 714 1044 771 et
1066 707 1170 788 quinto
1201 709 1341 790 atquein

242 820 512 904 Apopbtbegrnatis
543 815 733 880 acoreterto
759 816 848 882 editis
874 816 988 900 legitur
1001 814 1044 901 ¹),
1073 835 1199 898 eantque
1219 819 1342 884 blacerii

242 931 386 1016 Aegyptii
407 927 586 994 sententiam
600 916 689 1008 'ess‘o,
711 927 829 992 alibro
851 929 956 1010 quimo
966 925 1000 1011 ²)
1022 928 1208 994 collectionis
1231 938 1319 1009 patet.

326 1041 386 1105 Sed
418 1040 477 1102 iam
498 1038 547 1116 iis,
576 1054 654 1117 quae
675 1037 795 1120 singula
815 1038 959 1102 historiae
978 1039 1140 1103 Lausiaoae
1161 1041 1341 1121 exemplaria

239 1152 278 1214 de
298 1149 429 1214 Macerio
450 1145 602 1230 Aegyptio
624 1147 786 1229 praebent}
802 1148 943 1231 cognitis,
972 1148 1010 1212 ad
1038 1167 1084 1230 ea,
1113 1169 1191 1232 quae
1213 1150 1252 1214 de
1272 1151 1340 1216 lla-

239 1261 322 1325 cario
342 1261 548 1326 Alexandrino
569 1279 587 1326 a
608 1260 739 1326 Palladio
760 1269 934 1340 narrantur,
957 1259 1173 1326 transeundum
1195 1268 1251 1326 est.

645 1442 808 1532 vaput
829 1441 933 1516 111.

475 1560 639 1638 Palladius
660 1561 701 1634 do
722 1560 859 1636 lucano
880 1559 1102 1636 llortutldno.

322 1735 454 1802 Historia
475 1735 632 1817 Lausiaca,
653 1753 730 1816 quae
752 1734 784 1796 in
806 1733 962 1799 codicibus
983 1733 1266 1798 vindobonensibus
1288 1733 1336 1798 le-

235 1850 330 1933 gitur,
362 1857 520 1929 postquam
543 1846 580 1909 de
612 1845 743 1908 Macerio
764 1844 916 1928 Aegyptio
939 1845 988 1908 illa
1021 1845 1134 1924 retulit,
1166 1845 1208 1908 ita
1235 1846 1336 1929 pergit

234 1971 379 2022 narrare:
413 1959 573 2038 ,Sanctum
609 1973 684 2020 vero
717 1957 878 2035 Macarium
920 1955 1158 2020 Alexandrinum
1196 1959 1335 2038 conveni,

234 2070 285 2150 qui
313 2069 473 2150 presbyter
501 2076 568 2130 erat
597 2066 769 2145 Gelliorum,
802 2085 879 2147 quae
912 2069 1060 2132 dicontur.
1106 2065 1140 2129 ln
1166 2085 1244 2148 quae
1275 2087 1334 2151 ego

171 2179 176 2188 '
232 2197 344 2242 novem
365 2196 459 2241 annos
481 2177 605 2254 secessi,
639 2195 679 2240 ex
700 2179 894 2264 quibustres
916 2196 1033 2241 mecum
1055 2177 1131 2241 vixit
1159 2153 1210 2240 ifle
1231 2177 1335 2242 blaca-

232 2289 296 2351 rius
317 2289 469 2368 inquiete
491 2289 614 2371 degens.
658 2287 759 2366 Atque
772 2287 828 2348 alia
847 2289 968 2369 quidem
989 2289 1054 2369 ipse
1075 2287 1139 2352 vidi
1164 2289 1242 2369 apud
1263 2307 1334 2351 eum

231 2399 360 2480 optimae
381 2399 447 2462 eius
468 2398 589 2461 vivendi
610 2397 735 2462 rationis
758 2376 850 2478 opera
879 2407 910 2462 et
944 2399 1040 2482 signa,
1071 2399 1127 2463 alia
1148 2401 1185 2463 ab
1207 2401 1254 2480 iis,
1282 2401 1334 2482 qni

228 2529 289 2574 una
310 2499 379 2572 cum
401 2524 438 2573 eo
459 2511 611 2587 vixerunt,
634 2509 818 2588 didici‚'alia
841 2509 970 2590 denique
991 2529 1008 2572 a
1031 2512 1235 2604 compluribus
1263 2511 1328 2575 aliis

229 2625 339 2688 audivi.
375 2621 560 2686 Exercitatio
582 2619 675 2702 igitur
688 2619 811 2684 Macarii
825 2622 936 2706 magni,
957 2630 991 2685 ut
1012 2641 1071 2705 ego
1093 2633 1124 2687 et
1145 2623 1229 2686 multi
1251 2623 1330 2704 opud

228 2752 297 2797 eum
319 2731 486 2811 didicimus,
507 2731 582 2794 baec
604 2729 668 2794 fuit.
706 2730 834 2812 siquod
857 2749 932 2812 opus
955 2734 1177 2797 exercitationis
1200 2733 1327 2814 aliquem

226 2863 358 2924 unquam
381 2843 490 2906 fecisse
512 2843 657 2922 audierat,
679 2842 759 2905 idem
788 2841 911 2906 efficere
932 2844 1073 2906 ardenter
1095 2843 1226 2908 *studuit
1271 2845 1328 2906 llio

226 2953 319 3040 igitur
342 2962 473 3032 sanctus,
496 2971 587 3033 quum
610 2954 764 3034 audiisset,
791 2953 1024 3018 Tabennesiotas
1052 2973 1107 3036 per
1135 2963 1227 3019 totam
1250 2973 1328 3036 qua-

226 3063 431 3146 dragesimam¹
448 3063 530 3126 nulla
546 3083 581 3128 re
601 3067 696 3144 vesci,
719 3083 796 3146 quae
817 3063 881 3148 igni
903 3067 1021 3129 admota
1044 3076 1136 3147 esset,
1165 3067 1268 3131 statuit
1297 3073 1328 3130 et

225 3173 291 3255 ipse
313 3174 470 3253 septennio
491 3173 575 3252 nihil,
597 3175 677 3254 quod
700 3193 755 3255 per
777 3175 882 3257 ignem¹
900 3177 1080 3256 transiisset,
1113 3177 1273 3240 comedere
1295 3185 1327 3242 et

224 3279 339 3366 septem
362 3283 447 3346 annis
469 3284 543 3346 nihil
565 3283 645 3346 aliud
670 3286 813 3367 gustavit,
836 3287 895 3350 nisi
916 3287 1010 3350 cruda
1033 3287 1126 3367 olera,
1148 3295 1179 3350 et
1201 3289 1227 3352 si
1249 3307 1325 3370 quae

222 3393 303 3458 forte
331 3393 495 3458 invenisset
521 3383 674 3476 legumina
703 3395 879 3461 humectata.
936 3397 981 3461 De
1010 3397 1068 3461 alio
1098 3379 1243 3478 audierat,
1269 3401 1325 3481 qui

223 3503 331 3568 libram
352 3505 437 3585 panis
460 3505 650 3580 comederet;
673 3523 766 3586 quare
787 3505 890 3588 fregit,
912 3525 988 3588 quae
1016 3509 1129 3588 habuit,
1158 3509 1324 3572 buccellula

222 3621 255 3679 et
285 3616 317 3678 in
344 3617 480 3698 lagenam
509 3617 639 3695 immisit,
667 3625 801 3680 statuens
833 3625 947 3681 tantum
975 3619 1146 3699 comedere,
1179 3627 1322 3700 quantum

222 3745 327 3791 manus
349 3725 443 3808 ipsius
465 3746 586 3792 sursum
607 3730 735 3794 tulisset.
779 3729 888 3812 Magna
909 3739 1007 3793 autem
1026 3730 1100 3793 haec
1125 3749 1246 3812 quoque
1267 3730 1322 3794 furit

220 3839 414 3903 continentia.
458 3837 533 3901 Nam
555 3837 662 3902 festive
683 3841 769 3904 nobis
791 3841 946 3904 narrabat:
975 3841 1063 3904 Plura
1085 3841 1204 3921 quidem
1226 3841 1322 3907 frusta

220 3947 489 4030 apprehendebam,
512 3950 566 4014 sed
588 3949 699 4014 efferre
718 3971 779 4015 non
802 3962 936 4034 poteram
968 3935 1006 4015 ob
1037 3955 1204 4034 angustiam
1233 3951 1321 4015 lora-

220 4057 318 4123 minis.
362 4059 540 4124 Publicanos
563 4061 654 4139 enim,
676 4061 781 4141 inquit,
810 4063 882 4125 mihi
904 4081 965 4125 non
988 4063 1176 4143 permittebat
1198 4065 1320 4128 omnino

249 4205 277 4269 Ι)
298 4205 355 4256 Lib.
366 4208 415 4268 ΙΙΙ,
427 4208 474 4261 87.
487 4207 542 4260 Lib.
551 4209 582 4271 V,
590 4203 665 4270 438.
679 4205 793 4259 Gotelor.
804 4209 873 4260 ldon.
885 4209 957 4262 liecl.
969 4207 1060 4262 Graec.
1071 4214 1117 4277 lp.
1130 4209 1186 4264 536
1197 4211 1225 4274 ς.
1235 4211 1318 4266 xvtt.

247 4290 276 4360 2)
297 4293 352 4350 bib.
364 4294 396 4356 V,
418 4290 446 4357 4,
463 4296 499 4350 28
519 4295 603 4362 legis:
625 4295 714 4353 „Dixit
731 4297 793 4348 item
812 4297 955 4364 blacariua3
976 4301 1022 4353 sed
1042 4303 1127 4368 capite
1147 4300 1317 4352 antecedente

295 4381 328 4432 do
349 4383 478 4446 „blacerio
497 4387 597 4440 maiore
615 4383 756 4438 assultu
777 4394 903 4440 narratur.
