2990 4986
595 435 640 449 -
693 391 869 467 lib-¹

170 594 320 656 cruciatus
335 592 449 656 animae
468 601 500 656 et
520 593 658 674 corporis
680 595 710 656 in
732 595 804 676 igne
825 591 949 657 aeterno
970 593 1127 678 gehennae
1148 597 1178 660 in
1194 616 1269 678 per-

168 711 275 784 petuas
301 709 479 783 permanent
512 719 635 782 poenas.
691 701 767 766 lllud
797 703 883 766 etiam
916 704 1109 770 admonentes
1142 707 1269 770 animam
1343 778 1351 795 ‚

169 824 303 879 nostram
331 813 484 876 dicamus:
517 811 549 876 Si
581 812 738 876 erubescis
766 811 902 876 homines
924 814 1035 877 similes
1058 816 1101 878 tui
1123 827 1269 897 peceato-

169 943 233 1005 res,
262 943 303 987 ne
331 923 452 987 videant
480 933 510 987 te
535 931 721 1002 peccantem,
752 941 847 1004 quare
872 943 932 988 non
963 927 1057 1018 magis
1079 929 1216 990 revereri
1238 937 1270 992 et

170 1031 280 1100 timere
297 1034 390 1097 debes
411 1033 594 1096 maiestatem
607 1033 666 1095 Dei
684 1033 907 1114 omnipotentis,
927 1037 980 1116 qui
1001 1037 1131 1100 omnium
1153 1049 1270 1104 secreta

173 1145 310 1208 cordium
339 1141 519 1222 considerat,
552 1143 629 1208 sieut
661 1150 692 1205 et
724 1143 880 1223 apostolus
908 1144 964 1207 ait:
1001 1145 1107 1208 Omnia
1133 1148 1212 1212 nuda
1240 1159 1271 1214 et

173 1262 277 1334 aperta
298 1261 368 1316 sunt
390 1252 485 1314 oeulis
506 1253 582 1315 eius.
626 1251 747 1317 Talibus
769 1270 846 1336 ergo
868 1255 1099 1336 cogitationibus
1119 1258 1146 1320 si
1166 1258 1271 1322 incre-

172 1382 277 1447 pamus
298 1363 508 1443 nosmetipsos,
530 1362 672 1426 continuo
694 1363 784 1432 timor
805 1362 862 1425 Dei
883 1365 1017 1428 venitin
1039 1367 1133 1430 eorde
1154 1379 1271 1447 nostro,

172 1483 203 1538 et
224 1476 254 1537 in
276 1492 409 1537 amorem
431 1469 575 1537 castitatis
598 1473 790 1536 confirmatur
811 1473 908 1536 anima
928 1483 1044 1554 nostra,
1072 1477 1161 1540 etiam
1183 1487 1214 1542 et
1234 1479 1272 1542 ad

171 1585 270 1648 omnia
290 1594 448 1666 praccepta
461 1584 580 1647 Domini
596 1583 731 1646 facienda
751 1577 920 1661 incitamur,
943 1583 1102 1650 adiuuante
1123 1605 1179 1652 nos
1197 1607 1273 1670 gra·

171 1695 214 1758 tia
235 1695 353 1759 Domini
375 1695 473 1759 nostri
495 1674 573 1760 Jesu'
584 1695 704 1774 Christi,
726 1694 778 1778 qui
799 1695 1001 1758 servientibus
1023 1697 1080 1760 sibi
1102 1697 1133 1759 in
1155 1699 1273 1762 sancti-

173 1813 233 1870 tate
262 1815 293 1869 et
319 1805 455 1869 castitate
483 1805 619 1884 promisit
648 1804 788 1868 caelestia
817 1811 848 1866 et
877 1811 999 1868 aeterna
1028 1805 1141 1884 donare
1169 1807 1204 1868 in‘
1221 1807 1271 1871 illa

173 1917 307 2000 gloriosa
338 1917 432 1980 futuri
465 1917 579 1980 saeculi
607 1917 678 1996 vita,
709 1933 777 1978 curn
799 1916 914 2000 angelis
936 1917 1048 1982 sanctis
1070 1919 1101 1981 in
1134 1919 1273 2000 perpetui

174 2028 295 2092 luminis
316 2029 477 2109 splendore
499 2045 618 2110 semper
641 2027 804 2110 gaudere.“
1360 2109 1362 2126 ι

260 2137 300 2204 Et
316 2137 395 2200 baec
411 2139 530 2220 quidem
553 2138 672 2219 antiqua
695 2137 796 2202 versio
816 2134 993 2200 deliacario
1006 2135 1158 2222 Aegyptio
1181 2157 1273 2220 prae·
1326 2183 1330 2190 ·

176 2255 223 2310 ter
245 2265 291 2328 ea,
314 2265 390 2328 quae
420 2248 541 2311 codices
563 2243 814 2312 Vindob'onenses
836 2255 868 2310 et
889 2257 1010 2312 ceterae
1035 2247 1180 2314 historiae
1190 2251 1273 2313 Lau·
1341 2228 1342 2231 Ἴ

170 2357 269 2420 siacae
291 2358 437 2434 editiones
460 2354 677 2438 'versionesque
699 2359 820 2438 babent,
849 2358 913 2422 sola
943 2359 1073 2423 exbibet.
1119 2360 1274 2426 Posterior

171 2468 353 2545 exhortatio,
385 2486 473 2548 quam
499 2469 662 2548 attulimus,
694 2477 757 2532 tota
790 2488 808 2530 e
836 2477 936 2532 mente
965 2471 1089 2546 blacarii
1120 2469 1276 2551 Aegyptii,

171 2596 248 2658 quae
270 2595 309 2639 ex
337 2578 466 2640 homiliis
499 2579 703 2658 cognoscitur,
732 2588 876 2658 concepta
898 2586 954 2642 est.
998 2578 1154 2648 Humilitas
1177 2586 1275 2640 autem

173 2686 286 2764 cordis,
308 2685 533 2765 timordomini,
555 2686 685 2748 studium
699 2687 841 2751 castitatis
855 2687 1015 2766 praecipua
1035 2687 1156 2750 illorum
1168 2705 1275 2751 mona-

173 2796 299 2858 chorum
312 2803 470 2875 praecepta
482 2795 605 2858 fuerunt
615 2799 654 2872 ¹).·
670 2796 716 2858 Ac
725 2797 917 2877 peccantibus
929 2799 1024 2882 magis
1036 2779 1275 2861 erubescendum

172 2923 241 2968 esse
270 2913 395 2992 propter
422 2905 518 2968 Deum
552 2906 834 2988 omnipraesentem,
862 2927 948 2988 quam
976 2919 1100 2990 propter
1128 2909 1276 2994 homines,

173 3015 363 3079 meretricem
385 3015 532 3096 quandam
553 3003 701 3095 Ephraem
723 3014 818 3098 Syrus
844 3017 957 3100 insigni
984 3015 1073 3082 modo
1101 3017 1221 3082 edocuit
1231 3015 1273 3102 ²).

260 3125 374 3204 Restat,
395 3133 429 3187 ut
446 3125 623 3190 sententiam
637 3124 769 3204 Macarii,
792 3143 869 3206 quae
890 3127 1276 3209 ultimoantiquaeuersio·

172 3236 219 3298 nis
242 3235 373 3316 capite³)
395 3235 517 3317 legitur,
539 3235 614 3296 hanc
637 3235 793 3298 addamus:
826 3236 926 3315 ,Dixit
947 3239 1037 3302 abbas
1058 3238 1222 3306 Macarius:
1244 3238 1276 3302 si

173 3345 302 3425 aliquem
323 3345 509 3424 corripueris
522 3355 698 3436 v'commotus
717 3346 754 3407 ad
768 3346 962 3428 iracundiam,
983 3349 1135 3430 propriam
1155 3347 1277 3430 passio-

138 3477 140 3480 ’
173 3473 243 3520 nem
264 3453 417 3534 adimples.
440 3454 504 3516 Nec
517 3433 610 3532 enim,
631 3461 664 3515 ut
686 3453 775 3518 alium
789 3455 899 3536 salves,
920 3457 1047 3540 teipsum
1068 3457 1198 3538 perdere
1220 3456 1275 3518 de·

173 3565 239 3626 bes.
290 3563 372 3626 Erue
400 3565 569 3658 proximum
605 3571 690 3626 tuom
718 3567 895 3644 a-peceatis
924 3547 989 3630 sine
1020 3567 1214 3649 improperio,
1246 3567 1277 3628 in

173 3683 316 3754 quantum
338 3673 507 3754 praevales,
529 3673 598 3754 quia
620 3674 656 3736 ad
682 3692 716 3738 se
736 3674 817 3740 Deus
839 3687 1051 3743 convertentes
1068 3698 1129 3742 non
1150 3678 1277 3760 proiicit.

174 3785 281 3850 Sermo
304 3791 404 3846 autem
426 3784 555 3847 malitiae
570 3803 631 3846 non
642 3779 815 3850 demoretur
837 3787 868 3850 in
890 3789 983 3854 corde
1004 3799 1056 3854 tuo
1075 3799 1180 3854 contra
1199 3805 1277 3860 eum,

174 3904 208 3960 ut
229 3895 327 3976 possis
340 3893 468 3982 dicere:
491 3893 613 3957 Dimitte
634 3895 721 3958 nobis
743 3895 842 3960 debita
863 3877 978 3980 nostra,
999 3901 1078 3963 sieut
1098 3906 1129 3960 et
1150 3915 1207 3958 nos
1228 3895 1279 3956 di-

175 4005 318 4070 mittimus
340 4004 526 4070 debitoribus
542 4005 670 4103 'nostris
714 4003 770 4070 Dei
792 4016 890 4072 autem
909 4017 956 4072 est
979 4009 1135 4072 dimittere·
1150 4015 1180 4070 et
1202 4023 1279 4068 eon-

203 4189 233 4246 1)
254 4185 297 4244 Gi.
317 4185 413 4255 Euagr.
434 4187 526 4254 Capita
548 4189 660 4252 practica
679 4189 764 4242 initio.
785 4189 852 4245 Bibl.
874 4188 938 4242 Gall.
952 4186 1040 4240 tvtt
1060 4186 1163 4253 poco.

202 4277 231 4343 2)
252 4277 306 4328 vv.
328 4275 379 4328 l’l’.
399 4277 489 4330 Rorw.
510 4275 556 4328 lib.
578 4277 599 4327 v
619 4293 675 4344 cap.
699 4281 733 4332 21
756 4292 783 4344 p.
804 4277 869 4330 598.

201 4365 232 4430 3)
253 4363 321 4431 Gap.
339 4366 386 4430 22,
409 4367 453 4419 17.
477 4365 531 4418 llll.
553 4363 604 4417 Pl’.
622 4365 713 4420 uosw.
734 4380 761 4432 p·
785 4366 868 4422 1001.

1064 4465 1081 4518 5
