2990 4986
573 333 819 408 ...49-

147 541 209 598 tate
231 532 372 596 commoti
394 531 431 594 ad
452 532 554 594 locum
571 531 743 596 condictum
758 533 920 596 studiosius
934 533 1153 614 conduxerant,
1176 535 1251 598 mala

146 644 332 709 conscientia
358 642 542 708 infidelitatis
570 661 644 707 suae
672 644 836 706 exterritus
865 643 980 726 aufugit
1010 663 1045 707 ac
1073 646 1210 724 protinus
1233 664 1251 710 e

146 764 230 820 terra
259 754 396 836 Aegypti
426 754 565 816 decessit.
617 754 713 828 Quem
744 754 865 834 quidem
896 754 1056 834 Macarius,
1064 773 1181 836 ”usque
1213 755 1251 818 ad

145 866 252 928 boram
281 884 393 928 nonam
416 884 483 928 cum
512 864 703 929 multitudine
732 865 941 946 praestolatus,
970 885 1060 946 quum
1086 866 1252 929 declinasse

146 977 277 1054 videret,
300 985 453 1056 assumpta
475 975 563 1055 plebe
585 975 622 1038 ad
644 975 804 1056 sepulchra
826 979 973 1057 perrexit,
1002 987 1033 1040 et
1060 985 1211 1040 mortuum
1233 995 1251 1038 e

147 1087 337 1166 temporibus
359 1085 547 1148 Pharaonum
571 1084 609 1146 ad
630 1084 876 1166 respondendum
904 1087 962 1149 sibi
987 1088 1137 1165 evocavit,
1164 1106 1252 1167 quem

148 1198 260 1262 deinde
282 1215 350 1258 cum
383 1197 492 1260 ceteris
521 1195 553 1257 in
574 1212 650 1276 pace
676 1195 810 1258 dormire
838 1197 934 1260 iussit.
979 1197 1080 1278 Atque
1108 1197 1253 1262 Nesteros

148 1303 244 1372 addit:
282 1307 382 1386 ,llaec
404 1305 527 1368 Masurii
549 1306 647 1369 virtus
677 1316 708 1370 et
735 1307 843 1387 gratia,
866 1314 1009 1386 quantum
1038 1307 1069 1370 in
1098 1308 1164 1387 ipsc
1186 1309 1253 1388 luit,

148 1436 269 1498 semper
291 1417 422 1481 fortasse
444 1416 594 1496 latuisset,
615 1417 674 1479 nisi
696 1435 765 1478 eum
778 1417 946 1480 necessitas
969 1417 1061 1480 totius
1077 1419 1252 1498 provinciae
1309 1402 1315 1408 ’

146 1529 345 1610 periclitantis
367 1536 399 1590 et
420 1545 496 1609 erga
519 1527 668 1590 Christum
695 1527 782 1607 plena
804 1527 925 1590 devotio
948 1545 1092 1608 amorque
1114 1529 1254 1592 sincerus
1320 1569 1322 1573 ψ

146 1639 228 1702 istud
250 1656 400 1702 exercere
422 1638 599 1702 miraculum
622 1638 826 1718 compulisset.
871 1637 959 1712 Quod
981 1639 1085 1718 utique
1100 1649 1134 1703 ut
1155 1640 1193 1700 ab
1215 1655 1253 1701 eo

145 1749 246 1828 fieret,
284 1768 347 1813 non
379 1749 540 1812 ostentatio
570 1748 697 1830 gloriae,
730 1748 786 1812 scd
815 1748 924 1810 caritas
954 1747 1066 1812 Gbristi
1102 1756 1133 1811 et
1161 1749 1253 1812 totius

146 1860 245 1941 plebis
273 1861 403 1924 extorsit
432 1860 553 1936 utilitas
589 1861 668 1923 sicut
699 1861 820 1924 beatum
850 1877 969 1940 quoque
997 1859 1113 1922 Heliam
1144 1859 1254 1923 iecisse

148 1990 260 2053 regum
294 1971 387 2034 lectio
417 1969 596 2050 manifestat,
626 1971 678 2050 qui
707 1971 809 2052 ignem
840 1969 880 2032 de
908 1969 992 2032 caelo
1020 1987 1112 2050 super
1141 1970 1253 2034 hostius

149 2082 305 2162 impositas
325 2082 439 2146 idcirco
462 2081 648 2144 descendere
670 2081 841 2161 postulavit,
864 2089 897 2144 ut
919 2080 1137 2160 periclitantem
1159 2080 1252 2144 Pseu-

146 2192 403 2272 doprophetarum
432 2192 604 2274 praestigiis
633 2191 722 2254 iidem
752 2191 845 2255 totius
867 2189 969 2270 populi
988 2189 1162 2254 liberaret.“
1207 2191 1253 2254 En

146 2304 222 2366 satis
235 2321 373 2384 magnam
387 2301 602 2364 differentiaml
624 2302 716 2364 Libro
733 2301 812 2362 enirn
824 2300 958 2364 secundo
971 2309 1017 2364 ost
1030 2300 1131 2364 fratris
1147 2303 1254 2365 ouius-

146 2411 216 2475 dam
240 2431 352 2492 corpus
375 2413 541 2492 humatum,
563 2413 645 2491 quod
667 2421 822 2489 evocatur,
845 2410 924 2490 apud
939 2409 1112 2472 Cassianum
1134 2412 1253 2490 antiqua
1331 2428 1337 2437 ·

146 2524 259 2586 mumia
282 2542 301 2585 e
334 2531 471 2602 tempore
494 2521 693 2584 Pharaonum.
737 2520 802 2592 Qua
824 2518 903 2579 idem
926 2519 1086 2580 occasione
1108 2519 1175 2582 data
1188 2519 1254 2581 Ae-

146 2633 324 2714 gyptiorum
347 2649 475 2709 morem,
499 2631 537 2692 ob
559 2630 619 2692 Nili
646 2627 868 2690 inundationem
891 2645 1020 2706 corpora
1044 2627 1254 2693 defunctorum

144 2742 312 2823 pigmentis
334 2739 542 2820 redolentibus
570 2737 689 2800 condita
717 2736 895 2800 editioribus
923 2736 1039 2800 cellulis
1060 2739 1253 2817 recondendi,

144 2853 275 2916 uberius
289 2851 443 2916 describit.
480 2849 557 2912 Nam
581 2865 647 2910 mos
668 2865 799 2926 corpora
819 2847 961 2910 humandi
983 2848 1061 2927 apud
1085 2849 1253 2932 Aegyptios

17 3003 18 3010 .
107 3009 117 3026 .
145 2963 269 3026 demum
301 2961 372 3024 inde
404 2979 420 3022 a
453 2959 483 3024 S.
514 2959 648 3022 Antonio
686 2957 826 3034 obtinuit,
861 2957 912 3036 qui
944 2957 1101 3036 pulverem
1133 2957 1252 3040 pulveri

144 3074 334 3137 reddendum
356 3089 426 3135 esse
455 3070 573 3134 censuit
586 3067 627 3152 ¹).
672 3069 834 3130 Praeterea
865 3069 974 3130 mumia
1007 3069 1067 3148 illa,
1094 3079 1251 3150 postquam
1375 3105 1380 3116 ·

144 3177 249 3249 locuta
270 3192 326 3258 est,
349 3182 448 3246 denuo
472 3180 595 3258 dormit,
618 3197 635 3240 a
657 3178 780 3240 domino
801 3179 1008 3242 resuscitanda
1037 3179 1068 3241 in
1090 3179 1149 3242 line
1171 3187 1251 3242 tem-

144 3313 274 3378 porum;
297 3293 391 3358 frater
409 3309 486 3354 uero
508 3291 578 3352 libri
600 3288 737 3366 secundi,
759 3297 842 3354 terra
859 3288 987 3368 detecta,
1010 3290 1118 3371 surgit,
1141 3289 1251 3368 prodit,

145 3423 206 3468 nec
246 3422 316 3466 eum
360 3402 391 3464 in
432 3400 579 3462 tumulum
615 3399 783 3461 revertisse
823 3397 960 3478 legimus.
1016 3397 1132 3460 Deinde
1170 3397 1250 3478 quod

145 3513 320 3578 haereticus
353 3510 431 3592 apud
459 3509 632 3572 Cassianum
665 3513 787 3570 secreto
820 3503 946 3586 aufugit,
978 3505 1056 3568 libro
1085 3525 1160 3570 vero
1197 3525 1250 3572 se-

147 3624 250 3688 cundo
283 3622 454 3686 ablocario
486 3620 644 3684 convictus
671 3617 804 3700 fugatur,
838 3615 963 3680 levioris
991 3619 1133 3680 momenti
1161 3617 1249 3681 dille-

146 3736 247 3799 rentia
268 3743 324 3798 est.
360 3783 364 3791 ,

237 3843 296 3909 Sed
315 3841 537 3906 narrationibus
559 3836 628 3902 libri
651 3838 776 3902 secundi
798 3845 830 3902 et
840 3837 972 3902 Cassiani
992 3839 1084 3922 longe
1099 3837 1250 3918 copiosior

148 3967 197 4022 est
217 3955 279 4034 illa,
302 3952 427 4035 quaein
449 3952 507 4014 ista
522 3949 816 4032 Apcpbthegmatum
833 3949 996 4030 appendice
1017 3949 1095 4030 typis
1117 3945 1248 4008 nondum

148 4068 271 4150 vulgata
305 4071 398 4128 extat.
457 4063 562 4141 Quam,
592 4061 649 4126 etsi
685 4061 776 4144 longa
813 4061 852 4124 sit
879 4069 911 4125 et
945 4059 1129 4140 amplificata,
1150 4065 1249 4121 tamon

144 4205 398 4218 —n-t--a-—u--n—-n

179 4301 205 4369 i)
227 4301 279 4353 Vit.
302 4301 329 4353 S.
350 4302 410 4358 Aut.
431 4315 488 4368 cap.
509 4299 545 4354 90
566 4301 594 4351 in
614 4296 681 4366 0pp.
704 4295 799 4354 Atlran.
819 4298 837 4349 Ι.
859 4297 876 4348 l.
897 4313 922 4364 p.
942 4295 1007 4350 689.

992 4395 1011 4451 t
