2990 4986
596 349 839 422 ..31-

164 569 264 633 posse.
309 549 369 614 Sed
402 549 473 630 quia
501 549 630 612 Melania
651 547 694 611 Or
724 548 862 614 abbatem
889 547 969 628 adiit,
1003 548 1042 612 de
1071 565 1131 628 quo
1160 549 1270 612 eximia

163 661 295 724 Palladio
324 661 476 738 narravit,
502 659 720 722 verisimillima
748 659 907 740 explicatio
934 659 1008 722 baec
1036 675 1105 724 esse
1136 659 1269 740 videtur,

162 772 302 837 Rufinum
325 789 385 834 una
398 789 467 834 cum
479 771 605 834 Melania
620 769 658 833 ad
681 770 817 834 abbatem
829 769 871 833 Or
886 787 955 834 esse
975 768 1157 851 profectum,
1178 771 1269 850 atque

165 883 196 946 in
226 882 434 964 componendo
465 881 543 944 libro
579 881 714 946 secundo
747 880 798 944 illa
826 881 864 944 de
891 881 959 944 boc
986 897 1060 944 sene
1089 899 1145 944 suo
1172 881 1270 946 Marte

165 994 327 1061 addidisse.
361 993 422 1058 lam
444 1009 518 1056 vero
541 993 645 1054 cedem
668 993 707 1056 de
728 993 837 1058 abbate
858 993 1003 1072 narratio,
1026 1011 1104 1073 quae
1124 992 1215 1056 latine
1236 994 1269 1056 in

165 1105 245 1170 libro
269 1105 402 1168 secundo
424 1113 515 1182 extat,
538 1121 650 1186 graece
671 1122 793 1185 quoque
814 1112 935 1167 servata
956 1112 1003 1167 est
1024 1104 1105 1167 iuter
1125 1105 1270 1184 quaedam

166 1216 335 1298 fragmenta
358 1234 374 1278 a
396 1213 546 1279 Gotelerio
577 1215 656 1278 edita
689 1223 718 1278 et
746 1216 779 1277 in
800 1215 971 1278 llleursiana
992 1215 1124 1278 editione
1144 1214 1272 1279 Lausic-

167 1345 231 1389 cae.
246 1325 277 1409 ²)
328 1325 422 1405 Unde,
452 1343 521 1388 cum
555 1334 587 1390 et
616 1326 674 1389 alia
703 1344 813 1408 graeca
841 1327 911 1388 libri
945 1325 1072 1388 secundi
1104 1325 1273 1407 fragmenta

165 1437 368 1514 inveniantur,
391 1455 460 1498 eum
481 1435 593 1498 librum
614 1437 800 1502 existimabis
823 1447 853 1501 et
873 1437 965 1500 latine
994 1445 1025 1500 et
1054 1455 1167 1517 graece
1188 1437 1272 1500 exti-

165 1548 252 1628 tisse,
278 1557 313 1612 ut
333 1549 403 1612 usui
431 1545 618 1630 graecorum
636 1565 672 1612 ac
699 1547 860 1612 latinorum
881 1547 1100 1610 monachorum
1120 1547 1271 1611 inservire

166 1668 279 1741 posset.
322 1659 441 1724 Nomen
457 1659 591 1724 Paradisi
612 1677 725 1742 praeeo
748 1659 912 1740 exemplari
933 1659 1058 1722 inditum
1079 1659 1150 1722 inde
1171 1657 1273 1737 expli-

168 1778 265 1850 catur,
285 1771 367 1852 quod
381 1770 547 1837 Heraclidis
568 1769 656 1850 liber,
678 1770 764 1834 cuius
778 1778 938 1851 parserat,
959 1771 1119 1834 Paradisus
1140 1770 1272 1850 inscrip-

168 1889 219 1944 tus
241 1880 305 1945 luit.

258 1989 363 2070 ltaque
379 1990 438 2052 hoc
460 1989 627 2054 obtinuisse
640 1989 711 2053 mihi
733 1990 851 2072 videor,
873 1991 923 2054 illa
946 1991 1122 2080 coniectura
1142 1988 1273 2052 difficul-

171 2109 250 2167 tates
272 2101 382 2181 optime
404 2099 498 2178 solvi3
520 2117 593 2180 quas
615 2101 667 2166 vix
690 2101 746 2164 alia
768 2103 884 2167 ratione
906 2112 967 2167 tam
988 2102 1075 2166 facile
1100 2101 1179 2165 solvi
1200 2117 1273 2162 ore-

170 2213 308 2277 diderim.
361 2211 413 2274 Sin
445 2219 545 2276 autem
576 2231 649 2276 vera
686 2221 766 2294 sunt,
799 2233 875 2296 quae
909 2216 1102 2294 coniecimus,
1134 2211 1274 2276 Rufinum
1313 2201 1315 2204 ⁴

169 2327 368 2406 interpretem
396 2323 466 2386 libri
492 2324 617 2387 secundi
646 2341 715 2388 esse
751 2334 842 2408 atque
870 2326 1089 2407 quodammodo
1119 2332 1275 2390 auctorem

170 2435 230 2498 dici
252 2451 342 2514 posse
364 2435 463 2496 denuo
486 2434 712 2516 intelligitur.²)

258 2545 318 2608 Sed
345 2547 536 2608 coniecturas
565 2545 731 2624 mittamus,
766 2547 854 2625 atque
882 2547 995 2624 exiis,
1026 2563 1103 2626 quae
1132 2546 1170 2616 de
1196 2544 1275 2608 libro

171 2655 307 2718 secundo
330 2656 557 2735 disputavimus,
580 2673 659 2734 quae
680 2662 765 2717 certa
786 2665 865 2732 sunt,
887 2656 918 2716 in
939 2673 1033 2718 unum
1051 2669 1275 2735 componamus.

170 2765 216 2828 Ea
238 2765 364 2846 quidem
388 2765 447 2828 huo
480 2763 618 2830 redeunt.
669 2762 802 2828 Graecus
829 2765 961 2844 scriptor
989 2783 1109 2844 rerum„
1140 2781 1216 2844 quae
1244 2763 1276 2828 in

169 2873 250 2936 libro
279 2873 412 2936 seeundo
440 2871 596 2954 leguntur,
625 2881 710 2935 certo
742 2891 804 2934 non
834 2875 1037 2958 cognoscitur.
1081 2875 1145 2936 Nec
1177 2876 1276 2940 solum

170 2986 249 3050 liber
266 2961 428 3063 secundus,
452 2984 506 3046 sed
523 2985 753 3066 etiamgraeeus
775 2983 862 3064 liber,
886 3001 978 3066 equo
1000 2985 1050 3048 ille
1072 2985 1276 3064 hauriebatur,

170 3095 295 3160 Palladii
317 3095 472 3158 historiam
485 3094 659 3158 Lausiacam
682 3104 778 3159 aetate
801 3097 926 3160 multum
948 3097 1138 3160 antecedunt.
1160 3096 1276 3163 Deinde

170 3207 290 3270 elibro
313 3206 459 3285 secundo,
482 3215 543 3286 aut,
565 3207 645 3286 quod
668 3207 859 3270 verisimilius
883 3215 938 3286 est,
961 3225 1000 3270 ex
1022 3208 1145 3286 eodem,
1168 3226 1227 3288 quo
1250 3207 1276 3270 is

169 3316 323 3394 utebatur,
345 3316 586 3380 fontePalladius
608 3335 654 3396 ea,
677 3335 754 3397 quae
776 3317 813 3380 ad
835 3335 924 3382 senes
936 3318 1094 3381 Thebaidis
1114 3321 1276 3402 pertinent,

170 3427 290 3508 aliaque
311 3427 452 3490 nonnulla
474 3429 505 3490 in
519 3429 692 3492 lausiacam
714 3445 800 3492 suam
821 3429 981 3494 transtrdit.
1003 3429 1125 3492 Latinus
1147 3427 1277 3508 denique

162 3543 413 3556 -u——n

200 3615 231 3682 1)
253 3613 367 3670 Coteler.
379 3613 447 3672 lion.
459 3613 531 3672 Eccl.
544 3612 633 3670 Graec.
647 3613 675 3667 T.
691 3617 739 3672 ΙΙΙ.
781 3615 846 3668 Hist.
865 3616 939 3668 Laus.
953 3615 995 3668 ed.
1008 3617 1102 3673 Meurs.
1114 3617 1133 3671 l.
1146 3615 1164 3668 l.
1174 3632 1199 3683 p.
1211 3613 1276 3672 371.

198 3703 230 3768 2)
250 3701 387 3754 'lillemont
408 3701 435 3754 T.
458 3703 517 3763 xit,
530 3711 555 3754 et
574 3705 665 3755 iterum
685 3701 714 3754 T.
736 3704 783 3754 XV
803 3706 901 3768 statuit,
928 3705 1048 3758 Rulinom
1068 3706 1161 3758 librum
1181 3719 1277 3758 secun-

253 3792 311 3842 dum
332 3807 384 3842 non
404 3793 507 3842 nornine
528 3807 575 3842 suo
597 3793 743 3858 scripsisse,
765 3793 811 3844 sed
831 3794 947 3859 alterius,
969 3797 1084 3848 Petronii
1106 3795 1206 3847 seilicet
1221 3793 1276 3844 Bo-

253 3885 386 3935 noniensis
407 3883 533 3950 episcopi,
565 3885 639 3936 cuius
658 3885 750 3937 itineri
769 3885 938 3937 describendo
960 3887 1091 3938 calamum
1109 3899 1184 3936 suunt
1206 3899 1277 3934 ccm-

251 3973 374 4028 modcrtt.
412 3971 507 4023 Nititur
527 3971 682 4025 tillemontii
702 3975 888 4041 argumentatio
909 3971 968 4024 loco
990 3972 1127 4036 Gennadii‚
1154 3971 1198 4040 qul
1219 3987 1275 4039 cap.

254 4059 327 4112 XLl:
350 4063 515 4126 „Petronius
536 4060 628 4129 inquit,
650 4064 788 4129 scripsisse
807 4067 913 4128 putatur
930 4064 998 4114 vitas
1018 4070 1116 4128 patrum
1135 4061 1277 4114 monacho-

253 4165 307 4200 rum
326 4148 468 4217 Aegypti.“
510 4147 561 4201 Sed
582 4147 684 4202 doctum
703 4153 786 4202 virum
807 4165 907 4202 errasse
928 4150 1075 4202 dissertatio
1096 4147 1130 4202 (le
1149 4152 1203 4204 vita
1223 4155 1277 4204 Pe-

253 4239 347 4303 tronii,
377 4254 443 4306 quac
469 4237 525 4294 ΑΑ.
546 4237 591 4290 SS.
613 4239 681 4292 Boll.
705 4238 734 4290 T.
756 4241 782 4290 ll
812 4235 869 4292 Oct.
891 4235 949 4294 422
969 4253 1025 4308 sqq.
1052 4247 1137 4305 extat,
1165 4255 1190 4308 p.
1211 4238 1277 4298 428.

254 4324 310 4382 429
333 4327 447 4380 dilucide
467 4327 589 4380 ostendit.
