2974 4964
580 333 824 406 ...95-

157 554 238 600 nunc
273 533 468 618 pulcherrimi
508 533 540 598 in
579 532 707 640 Oasilus
740 532 909 612 plantantur
922 537 961 612 ¹),
1006 533 1136 613 positum
1161 550 1255 598 saxo·

156 665 217 728 poe
249 645 405 728 quadrato,
434 657 495 723 quo
527 641 688 706 hodiedum
717 641 867 725 Aegyptia
898 650 1088 708 monumenta
1120 652 1259 710 extructa

156 757 433 838 conspiciantnr²)‚
454 753 640 818 aedificatum
661 751 726 818 fuit.
770 753 836 818 Nec
865 771 925 818 non
947 762 1048 834 puteo,
1069 754 1121 835 qui
1140 753 1207 818 fere
1227 755 1258 820 in

156 867 240 932 nullo
263 867 314 934 tali
330 865 446 949 Agppti
473 863 634 944 sepulchro
656 861 847 930 desideratur
859 867 896 944 ³),
933 873 1070 928 ornatum
1091 864 1157 946 fuit,
1176 865 1260 932 mul-

156 985 282 1058 tumque
311 977 377 1039 auri
413 975 444 1038 in
473 982 665 1038 monumento
694 973 866 1054 depositum
895 992 965 1040 assa
986 974 1063 1038 fama
1083 977 1158 1040 tulit.
1191 976 1259 1058 Ap-

157 1090 373 1170 propinquanti
395 1105 470 1152 vero
489 1085 622 1150 Macerio
656 1087 847 1169 septuaginta
875 1086 941 1152 lere
962 1085 1124 1150 daemonas
1152 1105 1260 1152 cmo

157 1206 302 1262 numento
336 1197 453 1281 egressi
484 1196 639 1277 variisque
667 1195 773 1261 formis
805 1185 932 1278 praad'iti
965 1203 1177 1276 occurrerunt,
1212 1195 1262 1262 alii

163 1309 336 1388 clamantes,
359 1308 408 1372 alii
429 1307 615 1386 exsilientes,
637 1307 687 1372 alii
708 1325 818 1391 magno
838 1307 959 1374 fremitu
979 1309 1011 1372 in
1032 1325 1101 1372 eum
1122 1306 1262 1373 dantibus

159 1420 339 1495 stridentca3
362 1419 458 1484 ceteri
480 1426 622 1500 tanquam
644 1419 731 1482 corvi
753 1418 889 1484 volantes
911 1419 978 1482 eius
1006 1417 1104 1485 vultui
1133 1416 1262 1480 insulta·

157 1537 239 1598 runt.
281 1529 436 1594 Consimili
457 1537 558 1594 autem
579 1529 669 1594 modo
691 1529 730 1598 S.⁴
743 1511 877 1596 Antonio
905 1529 937 1594 in
963 1529 1125 1610 sepulchro
1146 1545 1263 1608 perno-
1288 1562 1291 1568 ,

51 1663 56 1672 ·
158 1642 251 1706 clanii
268 1626 439 1706 'daemones
475 1642 507 1705 in
541 1639 637 1706 foruna
680 1641 819 1721 leonum,
852 1655 1005 1720 ursorum,
1037 1640 1261 1722 leopardorum,

156 1759 326 1832 taurorum,
365 1761 550 1832 serpentum,
591 1751 736 1834 aspidum,
772 1753 965 1833 scorpionum
992 1759 1081 1832 atquc
1099 1791 1101 1796 ,
1120 1749 1263 1831 luporum

161 1871 365 1943 apparuerunt
386 1862 586 1942 dentibusque
613 1865 645 1928 in
667 1879 735 1929 aum
756 1863 922 1930 striderunt
931 1865 965 1941 ⁴).
1007 1861 1173 1942 Eidemque
1192 1859 1262 1924 An-

159 1972 244 2036 tonio
277 1971 309 2034 in
336 1973 459 2038 castallo
494 1973 623 2055 quodam
636 2009 640 2014 -
654 1973 777 2058 degenti
809 1973 970 2038 daemones
1000 1972 1182 2036 clamarunt:
1218 1970 1262 2051 „lt

161 2083 274 2148 nostris
296 2085 408 2150 recede
429 2085 566 2150 sedibus!
597 2085 674 2162 Quid
696 2085 750 2149 tibi
772 2103 839 2148 cum
862 2085 990 2148 eremo?
1032 2083 1159 2149 Nostrae
1181 2097 1265 2144 nun-

111 2223 118 2234 ·
162 2213 251 2276 quam
284 2194 365 2260 feres
397 2194 539 2258 insidias“
553 2199 584 2272 ⁵).
641 2193 752 2259 lisdem
783 2192 851 2258 lere
886 2194 989 2258 verbis
1022 2193 1184 2258 daemones
1215 2191 1266 2256 isti

162 2307 326 2382 Macariurp
357 2305 821 2386 Alexandrinumexoeperunt.
877 2305 1012 2380 Quorum
1048 2303 1169 2388 quidem
1199 2317 1265 2382 eoa,

162 2420 213 2500 qui
235 2417 387 2497 volabant,
409 2433 479 2483 cum
501 2417 613 2497 corvis,
642 2417 751 2497 quibm
772 2415 823 2480 illa
845 2433 970 2480 eremus·
985 2414 1145 2478 hodiedum
1167 2415 1266 2478 abun-

163 2529 258 2608 dat⁶),
279 2527 428 2591 Macarius
451 2534 612 2605 comparat.
635 2525 735 2605 atque
757 2541 920 2588 corvorum
942 2523 1059 2604 species
1072 2523 1265 2590 daemonibus

162 2639 243 2700 haud
275 2654 347 2700 raro
379 2635 553 2698 tribuuntur
564 2639 602 2712 ¹).
661 2635 826 2714 Sepulchra
858 2633 989 2715 denique
1016 2643 1267 2715 monumentaque

155 2757 384 2774 W

242 2795 344 2851 Gruber
364 2814 385 2854 s.
406 2813 431 2853 v.
451 2797 559 2850 donnes.
583 2801 612 2849 ln
633 2797 725 2849 codice
744 2798 938 2850 mambranaceo
954 2797 1066 2855 vindob.
1087 2799 1154 2866 magi
1175 2800 1264 2850 vocari

240 2886 496 2951 nidummalum&
513 2889 558 2938 xci
576 2886 710 2960 Ἰαμβρῆς,
729 2887 757 2938 in
776 2887 867 2940 codice
879 2889 1016 2941 chartaceo
1036 2895 1161 2940 vocantur
1179 2886 1265 2954 Ἰαννῆ

239 2980 288 3030 καὶ
314 2975 430 3047 uesici-
483 2975 531 3048 De·
557 2975 611 3028 illia
641 2978 723 3044 magis
756 2991 823 3046 quaa
851 2978 901 3028 viri
922 2977 990 3032 docti
1022 2977 1185 3044 disputarunt
1204 2975 1264 3030 eol-

241 3064 307 3134 legit
326 3063 461 3118 Fabricius
481 3065 509 3116 iu
529 3063 611 3118 libro:
633 3062 907 3144 Godl’acadocpigr.
927 3069 960 3120 V.
982 3065 1010 3123 T.
1031 3065 1120 3118 llamb.
1137 3068 1219 3124 1722.
1239 3081 1265 3133 p.

172 3149 174 3152 ’
240 3153 297 3206 813
318 3169 376 3221 sqq.
417 3153 455 3205 Da
475 3152 566 3204 iisdem
587 3153 858 3224 scripsitZentgraf.:
879 3156 954 3222 Disp.
985 3155 1044 3212 hist.
1071 3155 1103 3207 de
1123 3154 1213 3207 Jamne
1239 3162 1265 3206 et

240 3241 345 3294 Jambre
365 3241 540 3294 celeberrimis
550 3242 739 3310 Aegyptiorum
748 3245 839 3311 magis.
860 3244 966 3298 Wilteb.
987 3243 1069 3300 1669.
1089 3239 1116 3300 4.
1142 3242 1165 3300 J.
1177 3242 1263 3300 Gran:

240 3331 311 3386 Dias.
331 3331 364 3382 de
383 3329 466 3382 lanne
487 3339 513 3382 et
531 3330 634 3382 lambro
654 3331 731 3388 Hafa.
754 3333 837 3390 tion.
857 3329 884 3389 lt.
922 3331 946 3389 J.
966 3331 996 3390 G.
1017 3331 1166 3385 llichaclis:
1194 3333 1264 3390 Dias.

241 3419 275 3474 ile
294 3418 377 3472 lanne
396 3427 423 3472 et
442 3419 545 3474 lambro
563 3420 671 3474 famosis
691 3421 878 3490 Acgyptiorum
897 3424 980 3489 magis
1001 3422 1083 3476 llulae
1106 3419 1188 3478 1747.
1207 3417 1236 3478 lt.

194 3509 221 3574 l)
241 3508 358 3562 Miuutoli
378 3508 457 3562 Raisc
477 3524 535 3560 zum
554 3507 658 3576 Tempel
679 3508 725 3562 dea
745 3509 847 3576 iupiter
866 3509 974 3564 muron
999 3512 1026 3562 iu
1054 3510 1101 3562 der
1127 3509 1264 3578 libpachcu

243 3599 335 3650 Wristc
364 3613 391 3652 u.
420 3597 487 3650 nach
521 3595 721 3668 Oberaegyptcu
748 3614 774 3665 p.
810 3601 871 3656 173.
917 3597 957 3656 ot.
984 3600 1056 3668 Sulp.
1079 3600 1139 3653 Sev.
1161 3599 1263 3654 Diall

243 3699 300 3753 cap.
323 3687 357 3740 13
378 3685 446 3744 Bibl.
468 3685 533 3744 Gall.
553 3685 582 3744 T.
601 3687 665 3740 Vlll
686 3703 711 3756 p.
734 3684 801 3753 406,
822 3691 847 3745 2.

191 3775 223 3840 2)
243 3775 364 3827 llinuloli
383 3774 402 3832 l.
424 3774 443 3832 l.
463 3791 489 3842 p.
510 3775 556 3832 61.

190 3865 222 3932 3)
242 3863 309 3920 lbid.
329 3880 355 3932 p.
375 3859 421 3919 tl.
441 3863 486 3916 ot.

190 3949 223 4018 4)
243 3953 307 4006 Vita
328 3952 354 4008 S.
374 3951 480 4004 Antonii
501 3966 558 4018 cap.
577 3949 594 4003 9
615 3951 641 4002 ia
663 3948 728 4018 Opp.
748 3951 842 4005 Athon.
865 3951 893 4012 T.
913 3951 925 4006 l
946 3951 973 4012 P.
994 3950 1018 4006 ll
1038 3965 1065 4018 p·
1088 3945 1155 4005 640.

192 4041 220 4108 5)
242 4040 309 4098 lhid.
329 4055 386 4107 cap.
409 4041 490 4108 top.
512 4039 576 4096 642.
788 4063 792 4070 ·

189 4129 219 4200 6)
241 4129 358 4182 lliuutoli
379 4129 397 4182 l.
419 4127 439 4186 l.
457 4143 483 4196 p.
508 4128 570 4184 186.
784 4177 786 4182 .
1068 4180 1070 4186 ,

194 4220 225 4287 T)
246 4216 285 4276 cf.
306 4219 412 4274 Hieron.
433 4214 583 4272 Gommmtt.
603 4216 629 4268 iu
649 4215 694 4270 til.
716 4215 767 4270 Job
787 4219 815 4272 in
834 4216 887 4272 fluo
907 4229 965 4281 cap.
980 4212 1026 4272 38.
1066 4207 1262 4272 Grinmoact·

245 4306 305 4362 solra
325 4307 487 4388 mythologie
506 4305 555 4363 Ed.
577 4303 602 4358 11
623 4321 648 4372 p.
666 4303 734 4362 949.

543 4593 561 4628 ἱ
