2990 4986
589 411 834 484 ..37..

159 609 268 674 deinde
283 611 392 674 Pritius
415 610 508 674 edidit
525 607 567 694 ¹),
587 601 803 690 adhibebimus,
827 631 882 676 nec
905 631 963 674 non
987 631 1032 692 aa,
1055 631 1131 693 quoe
1154 617 1261 694 passim

159 723 189 784 in
214 723 284 786 vitis
308 721 498 799 Sanctorum,
527 739 617 800 quas„
635 722 836 786 Bollandistee
869 723 1038 802 ediderunt,
1065 724 1208 790 babemus
1223 733 1261 798 ²).

159 832 254 895 Porro
282 852 361 914 quae
394 833 432 894 de
465 831 555 894 exilio
588 849 694 894 senum
734 835 919 914 temporibus
941 835 1020 898 illius
1042 837 1262 916 persecutionis

159 961 176 1004 a
208 943 302 1008 Lucio
336 947 483 1010 excitatae
527 965 544 1008 e
576 945 695 1023 Rufino,
734 945 859 1008 Socrate
900 955 930 1010 et
963 946 1131 1012 Sozomeno
1168 966 1262 1028 repe-

159 1063 275 1132 tuntur,
303 1073 365 1116 non
393 1057 574 1134 omittemus,
604 1073 641 1116 ac
670 1053 771 1116 locum
799 1055 929 1134 denique
962 1074 980 1118 e
1009 1057 1070 1124 vita
1097 1057 1261 1124 Posthumii

160 1165 403 1242 examinabimus,
426 1183 485 1245 quo
507 1165 543 1226 lis
566 1163 745 1226 deMacerio
763 1165 887 1226 Antonii
910 1165 1067 1262 discipulo,
1092 1184 1161 1228 num
1184 1185 1262 1232 nnus

158 1293 199 1336 ex
222 1275 332 1337 nostris
350 1273 487 1338 Macariis
511 1273 612 1351 luerit,
634 1291 690 1336 nec
713 1291 762 1352 ne,
785 1273 975 1338 discernetur
987 1273 1028 1358 ³).
1060 1276 1164 1357 Neque
1187 1297 1261 1340 vero

158 1391 296 1444 nostrum
317 1401 385 1447 esse
407 1383 480 1446 illud
502 1385 600 1447 visum
629 1393 685 1462 est,
715 1402 963 1465 eorumquoque
993 1386 1136 1448 historiae
1159 1388 1263 1450 eccle-

158 1492 295 1554 siasticae
318 1495 509 1574 scriptorum,
532 1496 584 1576 qui
607 1493 738 1558 fontibus
761 1496 821 1558 illis
844 1496 992 1576 primariis
1014 1497 1193 1576 innituntur,
1223 1517 1262 1562 en

158 1602 255 1682 iisque
277 1623 328 1667 res
355 1615 386 1668 et
415 1606 509 1668 verba
537 1607 713 1684 hauserunt,
746 1626 764 1668 e
791 1625 919 1686 qnorum
952 1625 1079 1670 numero
1110 1607 1261 1688 Socrates,

158 1713 354 1794 Sozomenus,
376 1716 484 1778 deinde
504 1717 620 1794 Suidas‚
642 1715 831 1796 Nicephorus
847 1716 984 1780 Callistus
997 1726 1077 1795 sunt,
1099 1718 1184 1780 locos
1206 1739 1261 1781 re-

156 1823 345 1903 lationesque
367 1827 397 1888 in
420 1827 549 1888 medium
571 1826 722 1906 prolerre,
747 1827 857 1906 quippe
880 1827 988 1906 quibus
1010 1828 1082 1890 nibil
1112 1829 1261 1908 proficere

158 1935 318 2014 possimus.

244 2045 372 2109 Stratum
402 2047 496 2128 igitur
526 2048 602 2109 viam
630 2048 768 2110 alacriter
792 2049 849 2110 iam
877 2065 958 2108 nunc
980 2048 1162 2126 insistamus,
1194 2049 1260 2109 sin-

157 2152 230 2234 gula
252 2155 290 2215 de
312 2155 449 2219 Macariis
472 2158 501 2219 in
523 2177 615 2218 unum
637 2168 854 2238 componentes
877 2166 907 2220 et
930 2157 1040 2218 claram
1063 2158 1259 2236 idoneamque

156 2279 263 2324 eorum
286 2265 427 2348 effigiem,
450 2277 591 2347 quantum
614 2287 785 2349 possumus,
813 2270 1018 2350 depingentes.
1064 2270 1110 2331 Ac
1132 2269 1259 2348 primum

118 2373 120 2378 ’
156 2374 275 2452 quidem
298 2376 459 2440 Palladium
482 2387 589 2442 testem
613 2381 776 2443 audiamus.

574 2593 848 2604 -—-—-—.-——-

572 2803 734 2891 capnt
754 2804 827 2876 11.

419 2983 581 3057 Palladius
606 2985 645 3056 de
667 2985 803 3056 harada
826 2984 991 3076 hegpptio.

236 3199 267 3280 S.
295 3199 342 3262 12.
387 3199 508 3260 Palladii
529 3198 654 3261 historia
675 3197 830 3274 Lausiaca,
860 3214 937 3276 quae
959 3195 1113 3258 codicibus
1136 3195 1256 3259 Vindo-

152 3309 338 3373 bonensibns
360 3311 541 3386 continetur,
574 3309 612 3371 de
642 3308 759 3370 duobus
781 3307 920 3370 blacariis
943 3307 1045 3386 incipit
1069 3307 1126 3369 hoc
1149 3306 1256 3368 modo:

156 3421 353 3502 „Sanctorum
376 3431 405 3484 et
427 3420 639 3484 immortalium
661 3427 789 3499 patrum,
818 3416 941 3479 blacarii
962 3417 1106 3499 Aegyptii
1137 3425 1167 3480 et
1188 3417 1255 3478 lla-

184 3674 211 3737 1)
230 3671 521 3722 thesaumsnsoetieus
542 3673 599 3723 sive
620 3679 754 3740 syntagma
771 3669 954 3736 opusculorum
975 3667 1153 3720 octodecimo
1175 3681 1254 3733 grae-

230 3762 267 3812 cis
288 3760 347 3811 olim
368 3759 484 3826 patribus
516 3760 548 3812 de
577 3777 606 3811 re
640 3763 752 3812 ascetica
783 3761 944 3826 scriptorum.
984 3757 1022 3809 Eu
1051 3773 1118 3808 nunc
1147 3758 1253 3822 primunr

230 3848 357 3915 prodeunt
370 3850 577 3900 cvetustissimis
589 3865 649 3906 mss.
663 3849 798 3900 codicibus
814 3857 896 3910 eruta,
919 3847 1060 3898 collectore
1071 3853 1149 3913 atque
1170 3847 1251 3896 inter-

229 3945 302 4002 prete
322 3941 400 3990 Petro
421 3939 532 3988 Possino
554 3937 613 3993 Sor.
633 3937 704 3990 lesu.
731 3937 842 3989 Tolosae
861 3935 940 3990 1683.
963 3933 989 3990 4.
1029 3933 1252 4000 Apopbtheg'mata

229 4034 318 4078 ertum
348 4043 373 4094 p.
402 4027 457 4081 228
485 4039 542 4094 sqq.
596 4028 681 4078 Sancti
724 4029 806 4078 Patris
837 4027 941 4078 blacarii
971 4024 1093 4091 Aegyptii
1127 4023 1252 4088 opuscula

228 4117 352 4167 nonnulla
372 4126 398 4168 et
418 4114 637 4182 apophthegmata
657 4114 697 4165 ed.
719 4113 760 4169 Jo.
782 4113 908 4184 Georgius
922 4114 1027 4165 Prilius.
1051 4111 1154 4176 Lipsiae
1171 4111 1251 4170 roob.

227 4203 453 4272 Apophthegmata
474 4211 562 4254 extant
582 4219 606 4268 p.
630 4203 683 4256 231
707 4219 763 4271 sqq.

175 4293 205 4357 2)
228 4290 266 4347 Gi.
287 4295 352 4344 inira
374 4293 435 4359 Gap.
461 4291 515 4350 Vll,

174 4381 204 4446 3)
226 4379 264 4437 Gi.
282 4383 346 4434 inira
368 4381 430 4450 Cap.
454 4384 524 4442 vtlt.
