2990 4986
686 337 930 410 „50-

254 559 345 624 quum
367 539 512 622 quaedam
533 537 640 600 babeat
669 543 834 599 memoratu
857 536 958 618 digna,
991 533 1082 599 iatine
1106 533 1252 598 redditam
1274 535 1356 599 inte-

255 671 339 736 gram
363 668 514 731 apponere
535 648 661 729 placuit:

344 762 465 842 ,Senex
493 759 614 824 tradidit
644 757 692 841 de,
712 757 819 820 abbate
839 756 979 820 biaoario.
1024 756 1057 820 ln
1090 763 1172 820 terra
1193 756 1355 822 Arsenoito

254 872 416 936 monachus
438 870 557 950 quidam
580 868 723 947 sedebat,
746 869 799 948 qui
822 868 931 932 multos
953 885 1046 931 annos
1068 869 1159 932 vitam
1181 876 1355 932 sanctorum

254 991 368 1065 egerat.
412 980 478 1058 Oui,
508 997 601 1060 quum
623 979 739 1060 gloriae
768 979 893 1058 cupidus
922 987 1013 1058 esset,
1043 989 1167 1060 propter
1194 981 1354 1060 superbam

254 1093 411 1156 elationem
440 1097 471 1152 et
498 1091 698 1152 temeritatem
732 1089 856 1168 spiritus
891 1089 1032 1170 pythonis
1061 1089 1181 1170 insedit,
1214 1091 1266 1172 qui
1287 1092 1354 1170 pri·

254 1223 335 1266 mum
355 1221 372 1264 a
393 1219 467 1263 vera
489 1199 547 1262 bde
573 1217 642 1261 eum
664 1200 793 1280 depulit,
826 1207 889 1262 turn
911 1199 948 1261 ad
976 1200 1142 1264 doctrinam
1163 1219 1279 1280 eorum,
1302 1202 1354 1282 qui

251 1313 419 1376 Hieracitae
447 1319 607 1388 vocantur,
635 1310 768 1374 adduxit.
811 1308 913 1390 Atque
934 1310 965 1371 bi
993 1310 1173 1375 salvatorem
1194 1311 1354 1373 humanam

252 1423 451 1502 assumpsisse
472 1441 606 1502 carnem,
639 1431 848 1502 nostrumque,
881 1439 941 1503 quo
967 1423 1068 1487 vestiti
1099 1441 1213 1502 sumus,
1241 1439 1354 1502 eorpus

252 1534 428 1597 resuscitari
448 1543 570 1616 negant
615 1532 685 1594 Tria
707 1549 776 1595 esse
809 1533 954 1612 principia
981 1533 1071 1596 iidem
1102 1534 1214 1612 dicunt,
1244 1533 1353 1613 Deum,

252 1647 406 1709 materiam
429 1652 460 1706 et
482 1645 601 1724 malurn,
630 1644 738 1724 quibus
760 1644 887 1724 quisque
908 1653 1113 1725 construatur,
1136 1663 1234 1725 neque
1255 1645 1352 1708 Deum

251 1757 379 1819 verbum
402 1757 552 1818 bominem
574 1772 642 1819 esse
673 1754 783 1818 factum
805 1753 1032 1834 perfectumque
1060 1756 1209 1818 hominem
1231 1775 1353 1820 assum-

250 1869 357 1947 psisse,
379 1887 477 1948 neque
489 1869 610 1930 omniuo
622 1867 741 1930 servari
755 1867 875 1930 caus'arn
887 1867 1019 1928 omniurn
1041 1883 1143 1928 rerum
1156 1867 1351 1932 effectricem.

251 1977 294 2039 ite
322 1996 397 2040 vero
426 1981 491 2058 ipse
525 1993 690 2058 perversus
727 1979 839 2038 animas
876 1978 995 2041 seduxit
1021 1978 1209 2060 quingentas.
1263 1981 1351 2054 Quod

250 2089 350 2153 edeeit
371 2089 463 2151 multa
485 2089 585 2152 multis
607 2095 637 2151 et
659 2087 779 2167 quidem
808 2087 900 2150 variis
923 2103 1048 2166 prorsus
1070 2087 1166 2150 modis
1188 2087 1350 2170 loquendo,

249 2200 404 2263 interitum
441 2199 566 2276 seilicet,
599 2201 721 2262 inventa
753 2197 920 2277 mortisque
952 2197 1136 2277 despectum.
1191 2198 1256 2260 Nee
1287 2217 1350 2262 non

250 2310 406 2372 daemonia
421 2311 547 2372 eiecisse
562 2309 715 2373 ferebatur
729 2309 894 2372 secundum
910 2309 986 2370 iliud
1007 2310 1038 2371 iu
1055 2309 1233 2390 evangeliis:
1256 2311 1350 2392 Signa

249 2419 360 2483 facient
382 2429 412 2483 ct
433 2420 582 2502 prodigia,
603 2428 646 2498 ut,
669 2419 695 2482 si
717 2417 783 2480 iieri
805 2418 909 2498 possit,
933 2419 1022 2480 etiarn
1045 2418 1133 2480 electi
1155 2420 1348 2484 seducantur.

248 2531 374 2596 Multum
404 2531 483 2592 enim
510 2530 661 2610 principes
683 2529 860 2591 daemonum
888 2529 919 2590 in
947 2529 1005 2590 hcc
1035 2545 1149 2610 genere
1178 2531 1279 2596 valent
1308 2531 1347 2594 ad

248 2643 297 2705 iiia
318 2644 458 2706 nimirum
478 2643 543 2721 ipsa
565 2641 726 2715 abolenda3
749 2659 816 2702 narn
839 2641 968 2704 libenter
984 2643 1174 2705 consentiunt
1195 2642 1226 2703 in
1248 2643 1349 2705 inter-

248 2756 322 2818 itum
344 2756 518 2816 animarum.
563 2752 636 2814 boci
662 2751 755 2832 igitur
784 2751 943 2830 episcopus
973 2769 1043 2813 curn
1065 2751 1148 2813 clero
1170 2768 1226 2813 suo
1247 2752 1350 2813 virum

248 2863 305 2925 Dei
325 2863 489 2924 biaoariam
511 2861 647 2926 abbatem
669 2862 750 2940 adiit,
772 2877 831 2941 quo
853 2877 967 2924 sumnus
990 2879 1057 2923 oum
1070 2857 1242 2925 reverentia
1263 2861 1350 2925 salu-

248 2983 327 3038 tato:
362 2974 395 3035 Si
415 2975 472 3050 vis,
505 2974 609 3053 inquit,
632 2973 702 3036 ueni
724 2973 871 3052 nobisque
893 2989 1049 3036 succurre.
1093 2973 1168 3036 Nam
1191 2974 1217 3036 si
1241 2982 1272 3035 te
1293 2989 1350 3034 su·

249 3084 373 3163 perstite
394 3083 577 3145 vicinitatem
599 3091 731 3145 nostram
754 3097 815 3142 non
837 3099 1013 3163 purgamus,
1044 3099 1148 3145 omnies
1170 3083 1213 3145 itti
1235 3082 1350 3145 adbae-

249 3194 368 3272 rebunt,
391 3201 420 3256 et
432 3193 570 3256 facillime
587 3192 649 3270 fiet,
671 3191 817 3271 utpluros
833 3193 931 3272 etiam,
954 3211 1042 3272 quam
1059 3193 1225 3274 bucusque,
1249 3197 1351 3257 errori

250 3303 376 3368 subiecti
399 3305 590 3368 seducantur.
635 3301 690 3365 Cui
718 3303 769 3366 iile
803 3304 985 3384 respondet:
1015 3305 1095 3366 Ecce
1124 3321 1183 3384 ego
1212 3305 1349 3385 plebeius

249 3413 338 3476 homo
354 3415 424 3494 quid
446 3415 479 3476 ei
498 3413 628 3475 faciam?
660 3413 825 3494 Episcopus
845 3423 944 3477 auteur
965 3415 1094 3494 perstitit
1117 3415 1351 3476 venerabundus

250 3533 298 3586 et:
319 3524 371 3602 Ita,
393 3525 499 3604 inquit,
522 3521 651 3603 confido,
674 3527 700 3587 si
722 3533 755 3586 tu
776 3526 909 3602 veneris,
931 3524 1026 3586 Deum
1049 3525 1271 3604 pacificatururn
1293 3541 1350 3587 ec-

250 3635 370 3697 clesiam
392 3653 491 3710 suam;
514 3653 603 3714 saepe
625 3635 705 3698 eniru
726 3635 798 3696 mihi
821 3651 1046 3713 proposueram,
1075 3635 1113 3696 ad
1136 3644 1165 3697 te
1187 3635 1350 3714 proticisci,

250 3745 304 3808 sed
334 3746 486 3824 prohibuit
518 3745 628 3819 clerus,
658 3763 698 3807 ne
728 3744 886 3806 mundanis
907 3744 1076 3807 bominibus
1099 3745 1212 3808 derisui
1234 3747 1349 3808 fierem.

249 3855 310 3917 lam
338 3873 414 3918 vero
441 3873 502 3917 non
534 3853 657 3933 amplius
687 3853 789 3914 ferens
817 3853 919 3932 popuii
949 3855 1173 3935 corruptionem
1201 3865 1232 3920 et
1261 3856 1350 3918 etiam

249 3963 315 4042 Dei,
338 3967 388 4044 qui
410 3963 465 4027 ait:
488 3963 672 4044 Sanguinem
693 3963 787 4041 ipsius
807 3979 947 4042 quaeram
969 3983 987 4026 e
1009 3983 1098 4027 manu
1119 3973 1232 4043 vestra,
1255 3983 1350 4028 accu-

250 4076 396 4138 sationem
425 4075 534 4137 timens
565 4081 595 4134 te
625 4071 694 4150 adii,
729 4071 839 4134 missus
870 4073 979 4134 aDeo.
1025 4073 1100 4136 Tum
1130 4074 1182 4135 ilie
1204 4075 1350 4154 surrexit,

251 4199 379 4263 eumque
412 4184 449 4246 ad
481 4183 673 4244 seductorem
703 4189 825 4245 secutus
853 4193 909 4247 est.
954 4186 1049 4258 Quem
1076 4185 1128 4246 ubi
1149 4184 1234 4264 vidit,
1265 4187 1351 4265 epis-

251 4310 339 4372 copo:
372 4293 438 4371 iiic,
468 4291 571 4372 inquit,
594 4291 731 4370 spiritum
753 4292 918 4372 prinoipem
938 4294 1039 4374 habet,
1060 4311 1191 4376 eumque
1212 4295 1352 4358 eiicieudi
