2990 4986
662 366 907 439 ,64-

235 568 382 649 lapidibus
395 566 527 650 appetiit,
539 582 744 647 reversusque
759 565 945 630 annuntiavit
967 567 1041 630 seni.
1069 565 1126 641 Qui
1138 565 1174 628 ah
1186 583 1224 630 eo
1240 585 1337 648 quae·

235 681 291 742 rit:
313 678 432 744 Nihilne
454 677 508 742 tihi
525 677 769 758 responderunt?
791 677 913 744 Frater:
936 675 1025 740 Nihil.
1049 676 1124 738 'lum
1140 694 1250 740 senex:
1272 676 1337 741 lte-

235 807 314 869 rum,
329 788 433 869 inquit,
446 761 638 866 proficiscere
651 803 718 850 cras
726 806 735 862 ;
759 786 896 850 laudibus
913 803 966 850 eos
980 785 1065 848 effer.
1087 785 1223 867 Pergens
1237 787 1337 868 itaque

234 897 328 964 irater
357 897 537 962 collaudavit
565 913 619 960 eos
649 915 779 962 vocans:
807 897 954 977 Apostoli,
988 897 1095 976 saneti,
1130 898 1210 961 iusti.
1261 899 1336 960 Turn

235 1011 306 1074 adiit
327 1028 434 1084 senem,
454 1009 601 1090 dixitque:
623 1007 765 1070 Laudavi.
810 1008 882 1083 Qui:
904 1007 1034 1087 Nihilne,
1056 1008 1161 1088 inquit,
1184 1009 1238 1072 tihi
1266 1028 1337 1073 res·

234 1121 425 1204 panderunt?
474 1121 593 1184 Frater:
620 1117 709 1182 Nihil.
754 1118 837 1180 Tunc
865 1136 960 1182 senex
989 1119 1068 1183 infit:
1099 1117 1196 1199 Nosti,
1218 1122 1336 1201 quantis

169 1245 172 1251 ’
234 1248 287 1294 eos
311 1229 499 1295 contumeliis
522 1229 670 1308 affeceris,
698 1228 941 1310 necquidquam
969 1228 1193 1310 responderunt
1220 1230 1283 1308 tibi,
1307 1239 1337 1294 et

233 1342 351 1422 quantis
383 1341 505 1404 easdem
532 1339 671 1402 laudibus
699 1339 867 1419 ornaveris,
897 1339 1030 1419 nihilque
1058 1339 1094 1402 ad
1124 1347 1154 1402 te
1187 1339 1337 1420 prolocuti

233 1461 318 1528 sunt;
342 1453 382 1516 ita
403 1453 493 1516 etiam
515 1460 558 1531 tu,
580 1451 607 1515 si
629 1451 755 1516 salutem
770 1451 915 1532 consequi
927 1451 1092 1531 desideras,
1114 1461 1250 1515 mortuus
1271 1451 1336 1532 fias,

232 1581 290 1626 neo
312 1563 436 1628 iniurias
457 1564 610 1628 hominum
631 1579 689 1626 nec
722 1561 826 1626 laudes
848 1580 955 1625 eorum
976 1563 1094 1646 cogites
1124 1563 1220 1626 instar
1250 1581 1335 1626 mor-

232 1681 371 1750 tuorum;
404 1675 448 1738 sie
482 1675 562 1738 enim
589 1674 702 1754 poteris
735 1672 835 1737 salvus
870 1672 966 1736 lieri.“
1023 1673 1156 1736 Eandem
1182 1671 1335 1737 historiam

233 1786 367 1868 nuspiam
391 1786 459 1848 alibi
480 1787 590 1848 inveni.

320 1895 452 1978 Antiqua
486 1908 586 1961 autem
616 1873 718 1962 versio¹
750 1897 860 1961 deinde
888 1897 964 1960 hanc
991 1897 1077 1960 aliam
1107 1895 1187 1960 addit
1214 1894 1337 1958 lllacarii

232 2005 376 2088 Aegyptii
420 2005 586 2071 doctrinam
603 2005 655 2090 ¹):
700 2006 844 2087 „Sanctus
879 2009 970 2072 ahbas
1014 2009 1161 2072 Macarius
1198 2023 1336 2070 commo-

232 2117 322 2180 nebat
344 2136 434 2198 saepe
463 2117 626 2197 discipulos
653 2137 726 2182 suos
754 2128 784 2183 et
811 2119 937 2182 docebat
963 2136 1017 2182 eos
1046 2119 1181 2198 dicens,
1196 2117 1335 2181 Memen-

232 2235 296 2290 tote
316 2245 447 2306 semper,
476 2227 547 2308 quia
568 2235 637 2289 ante
664 2237 858 2308 conspectum
884 2227 1004 2292 Domini
1025 2229 1235 2308 omnipotentis
1258 2245 1334 2291 con-

232 2337 405 2416 versamini,
428 2338 480 2418 qui
502 2339 647 2418 prospicit
667 2339 799 2402 omnium
820 2339 972 2405 hominum
994 2340 1192 2422 cogitationes
1215 2347 1245 2402 et
1267 2341 1334 2402 sin-

233 2447 374 2530 gulorum
397 2447 490 2521 eorda
518 2456 678 2512 serutatur.
723 2449 810 2526 Quod
838 2452 926 2514 eliam
956 2459 987 2514 et
1015 2459 1136 2514 sanotae
1166 2450 1335 2530 scripturae

233 2564 392 2636 testantur,
415 2565 445 2619 et
467 2557 619 2640 apostolus
642 2559 730 2623 docet
759 2568 790 2623 et
812 2561 904 2624 dicit:
933 2563 1026 2626 Vivus
1056 2569 1103 2624 est
1132 2561 1211 2624 enim
1233 2579 1335 2624 sermo

232 2667 289 2730 Dei
310 2677 340 2732 at
362 2667 467 2730 efficax
495 2676 527 2736 et
555 2669 671 2732 acutior
701 2670 782 2734 omni
819 2672 918 2755 gladio
952 2673 1072 2754 ancipiti
1100 2682 1131 2737 et
1157 2674 1334 2755 pertingens

233 2797 330 2859 usque
352 2780 388 2842 ad
411 2782 525 2844 animae
547 2780 727 2844 divisionem
749 2801 784 2844 ac
817 2784 938 2864 spiritus
960 2801 1138 2867 compagum
1160 2802 1281 2868 quoque
1303 2795 1334 2848 et

234 2888 444 2967 medullarum,
469 2890 618 2954 discretor
647 2891 863 2973 cogitationum
884 2901 915 2956 et
935 2879 1134 2958 intentionum
1156 2893 1270 2976 cordis;
1301 2901 1333 2957 et

233 3015 296 3060 non
325 3006 371 3060 est
403 2999 463 3062 ulla
495 3009 634 3064 creatura
667 3003 827 3066 invisibilis
861 3003 891 3066 in
924 3013 1088 3085 conspectu
1118 3005 1200 3080 eius;
1234 3003 1333 3066 omnia

234 3115 332 3170 autem
353 3109 433 3170 nuda
455 3119 485 3174 et
508 3120 610 3190 aperta
632 3121 702 3176 sunt
724 3113 820 3177 oculis
842 3115 918 3178 eius.
962 3114 1094 3196 Ideoque
1116 3115 1142 3178 si
1170 3131 1237 3194 nos,
1265 3115 1332 3178 fra-

233 3232 307 3300 tres,
328 3224 492 3303 pulsaverit
513 3227 672 3290 delectatio
689 3230 788 3292 carnis
809 3237 840 3292 et
854 3233 1095 3312 concupiscentia
1115 3229 1332 3307 fornicationis

233 3331 407 3398 festinemus
428 3335 578 3414 repellere
599 3347 630 3402 et
651 3339 781 3402 obiicere
800 3339 838 3402 de
855 3342 948 3405 corde
969 3353 1073 3407 nostro
1096 3342 1331 3408 sordidissimam

229 3443 264 3506 'et
286 3444 442 3522 pessimam
464 3447 685 3528 cogitationem,
722 3450 897 3514 invocantes
924 3453 1123 3519 intentissime
1150 3452 1331 3516 adiutorium

231 3554 350 3616 Domini
372 3557 468 3620 nostri
483 3557 677 3623 Jesuchristi
698 3561 729 3622 in
751 3563 935 3626 orationihus
957 3582 992 3626 ao
1013 3565 1140 3647 ieiuniis,
1163 3575 1197 3630 ut
1217 3565 1331 3628 virtute

231 3665 380 3742 polentiae
409 3685 481 3730 suae
513 3669 620 3748 eripiat
646 3689 703 3734 nos
733 3680 763 3734 et
795 3682 936 3756 protegat
968 3681 1000 3738 et
1026 3675 1167 3740 'conterat
1195 3683 1330 3740 satanam

230 3775 286 3838 suh
309 3774 434 3868 pedibus
456 3780 578 3844 nostris.
622 3779 749 3860 Oportet
769 3801 856 3865 ergo,
878 3795 911 3848 ut
927 3786 1016 3848 etiam
1031 3787 1231 3867 nosmetipsos
1252 3803 1331 3866 poe-

228 3884 351 3949 nitendo
373 3896 404 3950 et
432 3906 449 3950 a
479 3890 610 3968 peccatis
637 3891 812 3957 abstinendo
835 3895 1041 3975 corripiamus,
1070 3873 1262 3978 dicamusque
1292 3898 1330 3960 ad

230 3997 356 4060 animam
378 4007 513 4060 nostram
521 4021 530 4062 :¹
566 4000 712 4074 Quoniam
742 4002 898 4068 delectatio
925 4005 1045 4084 quidem
1074 4007 1222 4087 corporis,
1250 4025 1330 4088 quae

228 4112 260 4170 te
282 4109 357 4171 male
380 4109 520 4187 oblectat,
543 4109 580 4170 ad
603 4111 752 4174 modicum
781 4121 897 4194 tempus
924 4124 986 4191 est3
1020 4135 1088 4180 nam
1116 4125 1265 4181 tormenta
1297 4121 1332 4178 et

260 4325 287 4388 l)
309 4327 361 4384 VV,
383 4327 431 4380 PP.
455 4329 543 4382 Rosw.
567 4346 592 4397 p.
612 4330 679 4393 991,
702 4335 726 4389 1.
