2974 4964
668 395 713 412 ..
763 319 909 424 90..

239 551 328 618 boios
355 567 424 614 cum
450 547 554 616 stricta
586 547 776 630 rhomphaea,
808 550 838 614 ei
865 549 1012 614 minitans.
1065 549 1120 612 nd
1143 563 1239 630 quem·
1261 547 1342 610 hanc

241 681 348 726 vocam
361 659 554 742 responditS.
567 659 731 724 Macarius:
754 660 801 724 Tu
823 661 909 724 venis
931 661 968 722 ad
983 677 1031 724 me
1052 661 1083 724 in
1105 661 1210 725 stricta
1231 659 1342 720 rhom-

239 774 346 856 phaea,
368 779 399 835 et
420 785 480 852 ego
501 777 607 834 contra
627 777 658 834 te
679 769 834 852 ingrediar
862 770 893 832 in
914 771 1036 834 nomine
1056 769 1176 834 Domini
1196 767 1341 845 Sabaoth,

241 883 273 946 in
294 882 358 945 acie
379 880 435 944 Dei
456 879 569 943 israei“
586 877 628 962 ¹).

326 989 364 1055 Et
384 991 459 1052 haec
480 989 599 1072 quidem
621 997 701 1070 sunt,
724 989 832 1070 quibus
853 990 1000 1056 editiones
1023 990 1242 1070 versionesque
1263 988 1342 1052 liist.

241 1099 403 1166 Lausiacae
424 1118 441 1162 a
462 1099 616 1164 codicibus
638 1100 789 1168 differunt.
833 1101 898 1166 Hoc
920 1103 1017 1166 solum
1039 1101 1165 1177 accedit,
1198 1100 1281 1181 quod
1310 1100 1343 1161 in

239 1210 421 1274 editionibus
443 1212 561 1292 graecis
582 1220 614 1274 et
644 1211 676 1273 in
705 1212 847 1274 versione
868 1213 993 1275 iierveti
1016 1212 1156 1290 traditur,
1177 1209 1343 1273 biccarium

240 1320 476 1384 Alexandrinum
498 1317 633 1382 cedmae
653 1317 837 1384 vendidisse
850 1319 893 1404 ²).
938 1319 994 1385 Ubi
1026 1322 1057 1384 in
1080 1320 1223 1383 Paradiso
1244 1320 1344 1382 habe-

241 1437 308 1494 tur:
341 1425 552 1511 ,Neqmtacor
580 1433 684 1511 ercet,
714 1431 816 1512 glossa
834 1430 876 1492 ‘in
896 1429 1034 1512 margine
1062 1428 1228 1509 adscripta:
1265 1427 1342 1507 ,hia

241 1539 339 1602 addb:
366 1536 421 1620 qai
441 1553 536 1615 ponae
556 1535 604 1598 oei
625 1535 782 1620 manino
801 1555 956 1622 nacecqaac
982 1533 1154 1600 munuc«
1171 1536 1213 1622 ³).
1258 1538 1345 1613 Quae

241 1635 364 1730 glossae
385 1647 478 1710 verba
499 1647 588 1710 etiam
609 1648 639 1709 in
661 1647 775 1710 codicis
798 1648 978 1728 pervetusti,
995 1667 1085 1728 quem
1102 1647 1216 1710 Ronue
1238 1647 1270 1708 in
1290 1646 1345 1707 bi-

241 1758 389 1823 biiotheca
411 1758 583 1821 monasterii
603 1757 825 1820 ierusalemme
854 1759 885 1820 in
907 1759 1004 1821 Croce
1030 1755 1148 1840 adii⁴),
1177 1765 1265 1821 texta
1293 1753 1345 1817 ie*

243 1878 365 1951 guntur.
389 1867 657 1948 Antiquadenique
678 1868 779 1930 versio
793 1867 1020 1932 Rosveidianae
1041 1865 1231 1932 collectionis
1251 1867 1345 1948 idern,

242 1978 323 2059 quod
345 1996 474 2062 graecus
506 1986 609 2042 textus
637 1987 667 2042 et
694 1979 820 2042 Herveti
846 1980 959 2059 versio,
993 1979 1126 2060 profert:
1160 1974 1347 2059 ,hurmeto

240 2083 394 2150 medem«
411 2086 455 2172 ⁶).
498 2088 558 2153 Sed
579 2105 677 2168 neque
699 2089 853 2152 codicibus
865 2087 1149 2153 Vindobonensibus
1163 2106 1265 2170 neque
1288 2105 1348 2152 ce·

242 2197 317 2262 teris
338 2197 466 2278 antiquis
487 2197 629 2276 sontibus,
651 2214 727 2278 quos
746 2199 989 2279 examinabimus,
1011 2199 1161 2286 eiusmodi
1183 2199 1349 2280 quidquam

243 2307 424 2372 continetur.
468 2306 533 2368 Hoc
553 2307 653 2385 etiam,
681 2306 763 2386 quod
794 2308 825 2370 in
854 2309 974 2390 graecis
996 2308 1351 2386 euidenihus„tterveti

242 2417 385 2480 versione
405 2417 488 2480 etin
510 2415 650 2479 Paradiso
671 2416 808 2498 habetur,
831 2417 993 2484 biaoariam
1014 2419 1257 2483 Menandrinum
1279 2419 1351 2482 vir-

242 2528 356 2592 tutibus
376 2527 456 2590 vitae
477 2526 668 2590 monachicae
689 2527 819 2592 biccario
839 2528 992 2611 Aegyptio
1014 2529 1227 2593 antecelluisse
1237 2525 1287 2610 ⁶),
1317 2527 1351 2591 in

243 2638 398 2701 codicibus
419 2637 701 2704 vindobonensihus
724 2646 755 2702 et
776 2639 808 2701 in
827 2640 971 2705 versione
990 2641 1115 2720 antiqua
1136 2657 1199 2702 non
1221 2640 1348 2720 iegitur.

329 2747 366 2826 §J
383 2747 434 2812 22.
477 2746 526 2810 Ad
548 2747 679 2828 singulas
702 2756 802 2812 autem
830 2751 1032 2831 narrationes,
1054 2769 1129 2831 quas
1152 2751 1191 2814 de
1213 2751 1351 2815 biccario

246 2851 450 2916 Alexandrino
478 2855 660 2918 cLausiaca
688 2857 809 2922 Palladii
836 2860 1028 2942 protulimus,
1048 2845 1244 2924 illustrandas
1273 2861 1353 2924 haec

244 2959 513 3024 animadvertenda
531 2973 609 3026 sunt
1035 3033 1038 3038 ,

332 3069 431 3132 Primo
462 3071 639 3152 abstinentia
667 3075 788 3140 hiecerii
813 3077 1012 3144 Aiexandrini
1043 3099 1232 3165 magnopore
1253 3097 1353 3162 prae-

247 3177 375 3240 dicatur.
432 3179 491 3252 oui
529 3197 616 3244 usum
657 3185 942 3253 tabennesiotarum
980 3209 1037 3272 per
1076 3201 1172 3258 totam
1214 3193 1354 3274 quadra-

248 3290 393 3368 gesimam
420 3289 513 3353 coctis
543 3292 618 3358 cibis
646 3311 680 3357 se
709 3297 920 3362 abstinentium
947 3310 1082 3382 secutus,
1115 3312 1233 3383 septem
1263 3303 1355 3368 annis

248 3397 331 3475 nihii,
354 3398 434 3478 quod
453 3400 516 3482 igni
537 3403 687 3468 admotum
704 3417 796 3487 esset,
819 3411 1037 3492 comedit‚·sed
1058 3413 1123 3478 sola
1135 3415 1232 3478 cruda
1255 3414 1357 3494 olera,

248 3534 485 3552 *un—n—-n

278 3594 306 3658 1)
325 3593 415 3646 Versic
436 3597 541 3649 iicrveti
570 3615 626 3668 cap.
648 3603 684 3656 20
706 3604 760 3662 VV.
781 3604 830 3658 1²1³.
844 3605 933 3666 iiosw.
948 3624 974 3676 p.
990 3612 1056 3676 722,
1078 3612 1106 3666 2.
1124 3611 1243 3680 Antiqua
1263 3611 1357 3662 versio

325 3697 381 3748 cap.
403 3685 446 3747 ao,
466 3684 529 3742 abac.
549 3703 574 3754 p.
595 3689 660 3753 aaa,
684 3693 707 3742 1.
891 3679 894 3684 ’

260 3770 305 3834 “2)
327 3771 485 3842 Τραγὴματα
514 3775 682 3844 πιπράσκων
714 3775 778 3829 titan.
813 3779 889 3836 Laus.
920 3780 962 3834 ed.
996 3783 1092 3838 bieurs.
1128 3796 1186 3849 cap.
1217 3783 1255 3836 20
1283 3779 1357 3850 Opp.
1479 3757 1480 3785 ¹

257 3859 261 3866 '
325 3855 462 3997 bieursbp.
481 3859 546 3912 389.
587 3863 679 3916 Versio
701 3865 807 3918 Herveti
834 3868 898 3924 ibid.
925 3885 951 3936 p.
970 3869 1029 3924 390
1054 3877 1082 3921 et
1109 3871 1165 3927 VV.
1185 3869 1237 3924 i’P.
1260 3871 1364 3928 norw.-

325 3958 351 4008 ρ.
394 3949 483 4008 1,2.

277 4027 305 4085 bt
324 4026 385 4094 Gap.
405 4031 422 4083 6
443 4033 496 4088 VV.
512 4032 661 4089 ssimae.
682 4051 708 4104 p.
727 4039 793 4103 950,
817 4043 842 4092 i.

277 4109 306 4178 h)
327 4112 364 4170 Gi.
385 4131 460 4183 supra
480 4135 506 4184 p.
529 4121 595 4176 1ss

283 4198 312 4261 5)
333 4197 394 4266 Gap.
415 4204 442 4260 9,
480 4207 534 4262 VV.
554 4207 602 4263 PP.
623 4209 712 4262 liosvv.
734 4227 761 4277 p.
783 4209 848 4276 989,
869 4217 896 4270 2.

282 4285 311 4346 6)
331 4285 395 4342 iiist.
414 4289 490 4348 Laus.
510 4293 551 4345 ed.
573 4297 665 4348 ideurs.
687 4297 706 4348 l.
727 4297 745 4356 1.
785 4299 877 4353 Vcrsio
891 4301 1000 4358 Herveti
1021 4304 1040 4365 i,
1060 4306 1078 4362 1.
1119 4305 1240 4364 Paradis.
1260 4303 1280 4362 i.
1300 4305 1322 4364 i.
1353 4309 1355 4316 “
