2974 4964
567 337 840 418 —103..

154 533 213 602 alia
232 550 266 604 se
288 534 393 614 ipsum„
406 533 520 600 vidisse
542 552 635 614 opera
657 543 688 601 et
709 537 812 616 ¹signa,
841 537 897 601 alia
918 553 952 600 se
974 538 1012 604 ab
1044 538 1092 618 iis,
1125 541 1177 618 qui
1198 559 1257 602 una

153 662 222 711 cum
245 663 282 709 eo
305 645 446 722 vineunt,
470 644 622 723 didicisse,
645 646 687 710 ita
709 646 863 728 legunturt

243 753 291 832 ,is
314 772 406 836 quum
437 755 513 834 apud
537 762 652 834 patrem
673 755 838 826 antonium
861 773 1001 840 magnum
1022 759 1135 824 electos
1154 779 1256 842 ¹quon-

151 864 222 948 dam
245 865 359 950 palmae
381 883 492 954 ramos,
513 883 589 946 quos
610 866 662 930 ille
684 868 838 944 tractabat,
872 869 1015 948 vidisset,
1035 888 1127 934 unum
1157 870 1194 934 ab
1216 887 1254 935 eo

151 976 509 1056 manipulumramornm
529 977 623 1056 petiit.
668 975 722 1040 cri
746 977 911 1044 Antonius:
942 978 1091 1059 Scriptum
1112 989 1170 1056 est,
1200 979 1252 1042 in-

153 1087 231 1174 puit,
260 1104 322 1166 non
351 1087 546 1166 conmrpisces
575 1103 627 1160 res
655 1087 785 1168 proximi
815 1089 866 1152 tui.
920 1090 1007 1164 Quod
1042 1089 1138 1154 solum
1167 1107 1257 1168 quum

153 1197 293 1275 dixisset,
316 1198 391 1260 rami
412 1215 516 1265 omnes
538 1199 638 1270 statim
659 1207 800 1279 tanquam
823 1199 888 1280 igni
916 1198 1072 1268 torrefacti
1088 1208 1180 1266 sunt.
1224 1198 1258 1264 tt

134 1301 208 1372 'ubi
229 1293 378 1372 Antoniis
399 1308 497 1398 vidit,
514 1308 661 1375 Macaria:
693 1309 785 1389 Eece,
814 1310 921 1390 inquit,
956 1311 1080 1389 spiritus
1108 1309 1258 1389 requievit

153 1436 248 1512 super
280 1426 327 1500 te,
364 1421 485 1502 erisque
511 1421 590 1500 ,mini
623 1421 765 1500 deinceps
782 1422 902 1514 baares
936 1422 1082 1486 virtutum
1111 1439 1257 1502 mearum.

151 1528 289 1602 Eundem
313 1530 560 1616 corp,or.e,.valde
582 1531 776 1614 defatigatum
805 1533 835 1594 in
855 1531 1027 1604 'solitudine
1049 1519 1184 1598 diabolus
1207 1533 1258 1594 in·
1354 1593 1358 1602 ,

154 1641 236 1706 venit
258 1641 362 1722 eique:
384 1641 476 1723 Ecce,
497 1641 755 1722 instituentium
773 1639 901 1708 ,Antonii
923 1642 1082 1722 accepisti3
1109 1659 1165 1707 our
1186 1651 1257 1707 tan·

152 1751 223 1828 dem
244 1769 306 1815 non
327 1752 600 1833 uteris-dignitate,
624 1759 711 1831 atque
732 1770 750 1814 a
772 1750 837 1814 Deo
860 1752 959 1818 eibum
980 1762 1012 1822 et
1033 1753 1117 1820 vires
1138 1752 1176 1814 nd
1197 1753 1257 1818 iter

152 1861 385 1946 ingrediendum
407 1861 510 1941 pectet.
535 1861 590 1925 llio
613 1871 711 1931 autem
733 1863 905 1941 respondit:
929 1864 1032 1930 Virtus
1049 1875 1119 1928 'mea
1141 1862 1257 1930 atlans

154 1989 224 2054 mea
246 1970 393 2039 dominus.
438 1971 483 2034 Τιι
515 1979 619 2037 autem
651 1990 689 2040 ue
719 1973 884 2045 tentaveris
915 1987 1039 2060 seruum
1060 1973 1131 2040 batt
1174 1971 1257 2037 Fecit

152 2099 234 2164 ergo
250 2081 395 2156 diabolus,
417 2091 450 2147 ut
472 2083 500 2146 ei
523 2064 882 2176 phantasmaappa'reret,
904 2082 1036 2152 camelus
1059 2099 1154 2151 onera
1175 2081 1258 2148 baiu-

152 2191 274 2262 lenset
296 2209 401 2262 errans
422 2193 701 2272 pet-solitudinem,
730 2195 842 2264 babens
865 2195 964 2266 omnia
985 2194 1022 2264 ad
1044 2211 1131 2259 usum
1153 2207 1258 2254 neces·

151 2301 512 2382 saria,eraequide1n
547 2320 641 2384 prope
663 2302 843 2382 linearium,
865 2321 955 2384 quern
984 2303 1111 2380 videret,
1133 2300 1258 2364 adsedit

153 2411 221 2500 lpse
243 2411 419 2496 phantasma
441 2430 537 2496 esse,
542 2423 576 2476 ut
598 2423 673 2490 erat,
695 2414 865 2492 suspicatus
888 2413 1021 2482 substitit
1040 2412 1079 2474 ad
1101 2411 1258 2488 orandum,

149 2533 241 2610 ptque
257 2523 407 2605 extemplo
422 2507 554 2602 camelus
570 2531 653 2588 terra
669 2523 809 2601 absorpta
832 2529 897 2584 eat.
912 2521 994 2584 Idem
1005 2519 1152 2590 Macarius
1169 2521 1259 2580 πολι-

153 2633 243 2705 τικὸς
252 2632 411 2714 quondam
434 2634 517 2700 venit
528 2632 566 2699 ad
571 2631 739 2712 diaconum
747 2649 904 2712 magnum.
930 2631 1029 2697 Ambo
1052 2647 1144 2709 quum
1159 2628 1259 2693 Nilum
1338 2639 1341 2644 “

103 2805 111 2819 .
153 2753 258 2818 essent
279 2743 495 2824 transmissuri,
517 2743 628 2821 evcnit,
648 2751 685 2806 nt
706 2743 867 2814 maximum
880 2750 1043 2824 pontonem
1059 2740 1257 2833 ingrederen-

154 2865 216 2937 tur,
250 2856 282 2919 in
298 2873 393 2936 ‚mem
413 2857 566 2932 intrarunt
588 2855 701 2930 tribuni
723 2873 790 2927 curn
819 2871 928 2935 magne
951 2852 1039 2930 fastu,
1062 2853 1113 2931 qui
1135 2851 1257 2914 rhedam

153 2965 302 3036 habebant
323 2973 415 3028 totam
445 2982 568 3032 aeneam
598 2974 629 3028 et
651 2983 751 3046 eques
778 2965 873 3030 frenis
899 2962 998 3026 aureis
1026 2963 1193 3027 instructos
1222 2977 1258 3022 ac

152 3077 264 3141 milites
285 3075 429 3164 quosdam
450 3073 593 3144 satellites
616 3091 788 3156 puerosque
809 3073 967 3153 torquibus
988 3078 1020 3134 et
1043 3071 1143 3134 aureis
1170 3069 1258 3134 zonis

155 3195 288 3252 ornatos.
334 3186 458 3250 Tribuni
486 3187 580 3268 igitur
609 3186 772 3258 monachos
803 3183 968 3264 conspicati
1001 3181 1156 3246 ueteribus
1173 3197 1261 3260 pan-

156 3299 204 3386 nis
235 3299 366 3380 indutos,
391 3299 450 3376 qui
485 3297 519 3366 ιιι
557 3295 670 3378 angulo
703 3296 865 3373 sedebam,
900 3293 1120 3374 simplicitatem
1155 3303 1262 3354 eorum

156 3409 278 3492 beatam
306 3407 525 3506 praedicarunt,
547 3425 698 3488 unusque
720 3424 759 3480 ex
780 3405 923 3470 tribunis·
956 3403 1051 3482 Beati,
1078 3401 1183 3482 inquit,
1207 3417 1262 3464 vos

159 3521 243 3597 estis,
261 3520 325 3600 qui
347 3499 459 3584 mundo
480 3518 625 3581 illusistis
670 3517 725 3580 Cui
747 3516 899 3578 Macarius
917 3511 1075 3583 πολιτικός
1095 3511 1263 3592 respondit,

159 3631 278 3694 dicens.
316 3630 379 3694 Nos
415 3631 536 3710 quidem
567 3628 680 3692 mundo
715 3628 873 3717 illusimus,
905 3625 993 3687 vobis
1030 3631 1130 3686 autem
1168 3622 1262 3712 illusit
1335 3671 1337 3674 .

159 3742 297 3805 mundus.
351 3741 434 3805 Scito
467 3751 566 3804 tamen
602 3759 664 3819 npn
695 3711 893 3818 tua-sponte,
926 3735 980 3801 sed
1022 3705 1198 3815 prophetice
1232 3739 1263 3792 te

158 3853 218 3914 hoc
239 3853 365 3928 dixisse3
397 3852 508 3915 etenim
537 3850 624 3912 ambo
648 3827 810 3930 Μακάριοι
832 3863 987 3918 vocamur,
1032 3845 1098 3918 Quo
1120 3858 1263 3907 sermone

159 3971 357 4042 compunctus
379 3961 528 4038 tribunus,
561 3960 741 4042 simulatque
763 3958 883 4020 domum
906 3956 999 4030 venit,
1034 3951 1133 4014 exutis
1167 3949 1264 4012 vesti-

160 4072 218 4136 bus
244 4074 336 4136 vitam
358 4073 561 4136 monachicam
591 4071 714 4152 delegit,
747 4069 914 4162 multasque
941 4063 1013 4125 fecit
1045 4059 1263 4140 eleemosynas.

160 4181 245 4248 Alias
267 4185 398 4272 missam,
432 4201 491 4262 qna
512 4183 595 4246 vesci
617 4180 761 4260 cupierat,
796 4195 883 4240 uvam
907 4181 1071 4250 recentem,
1103 4172 1265 4242 continen-

162 4295 235 4356 tiam
269 4295 431 4358 ostendens
453 4311 548 4374 suam,
581 4291 617 4356 ad
646 4291 769 4356 fratrem
799 4287 947 4369 quendam
976 4292 1193 4367 aegrotantem,
1215 4281 1266 4362 qui
