2974 4964
639 305 910 398 --12--Ι

174 559 177 572 .
211 505 310 572 naid
338 505 408 570 mihi
437 515 629 590 reputaretur
658 506 690 571 in
720 507 899 589 superbiam
951 505 1107 584 Quondam
1147 523 1239 590 quum
1273 508 1312 573 ad

211 617 292 680 hunc
323 627 460 682 sanctum
489 619 652 697 venissem,
688 625 776 682 extra
803 618 908 682 cellam
937 617 1004 682 eius
1032 618 1181 685 iacentem
1209 618 1312 682 inueni

217 730 279 793 vici
301 731 454 796 cuiusdam
470 730 691 812 presbyterum,
714 729 800 794 cuius
814 738 902 810 capnt
916 729 958 792 ita
974 737 1040 792 0101
1049 747 1173 794 exesum
1194 729 1314 810 morbo,

212 839 264 920 qui
286 859 395 904 cancer
417 842 537 915 dicitur,
559 849 593 904 ut
615 848 646 903 et
666 839 764 919 ipsum
779 857 814 904 os
836 847 931 904 totum
952 848 1110 920 appareret
1131 840 1162 904 in
1184 840 1310 902 vertice.

211 952 319 1033 Neque
340 969 409 1014 eum
430 951 467 1012 ad
488 950 670 1030 colloquium
692 949 873 1014 admittebat.
905 949 1024 1032 Rogavi
1044 949 1139 1032 igitur
1160 967 1211 1014 ae:
1233 949 1312 1012 Pre-

213 1081 278 1143 cor,
307 1063 436 1144 inquam,
466 1063 613 1126 miserere
641 1061 730 1125 huius
759 1061 871 1142 miseri,
903 1070 934 1125 et
956 1061 1060 1127 saltem
1082 1079 1260 1142 responsum
1282 1061 1314 1126 ei

212 1175 259 1238 da.
302 1173 467 1253 Respondit
488 1172 575 1234 mihi:
606 1170 750 1255 Indignus
779 1181 836 1251 est,
866 1172 919 1254 qui
945 1182 1079 1260 sanatur.
1122 1173 1204 1236 11000
1232 1173 1312 1236 enim

212 1285 242 1346 ei
274 1284 405 1347 immissa
434 1290 481 1349 est
517 1282 681 1364 disciplina.
732 1281 785 1348 Sin
822 1301 890 1346 eum
925 1283 972 1348 vis
1000 1283 1110 1364 1011011,
1144 1285 1236 1350 suade
1271 1285 1312 1368 ei,

213 1405 247 1460 ut
268 1397 410 1480 deinceps
432 1398 579 1462 abstineat
600 1416 616 1460 a
638 1396 795 1460 sacrificio.
817 1397 900 1480 Ego:
924 1397 995 1478 Cur,
1016 1375 1313 1480 inquam,'olnsecro?

212 1508 400 1589 Respondet:
430 1508 593 1572 Fornicans
623 1525 743 1572 sacrum
766 1509 885 1590 peregit
906 1509 1114 1588 ministerium,
1143 1509 1224 1574 unde
1252 1512 1313 1574 iam

213 1621 387 1702 castigatur.
417 1619 531 1695 Quodsi
553 1628 635 1684 matu
656 1620 781 1688 desistat
802 1620 839 1682 ab
860 1619 909 1700 iis,
932 1637 1008 1702 quae
1030 1639 1086 1702 per
1108 1629 1313 1703 contemptum

213 1749 304 1796 ausus
326 1739 374 1795 est
395 1729 508 1811 facere,
541 1732 622 1796 Deus
646 1751 715 1796 eum
737 1732 862 1796 sanabit.
906 1732 971 1795 Hoc
1004 1733 1043 1811 ei,
1073 1732 1124 1814 qui
1153 1731 1313 1814 affligeba-

214 1851 275 1922 tur,
296 1841 369 1906 dixi.
414 1843 471 1918 Qui
492 1843 685 1908 iureiurando
708 1845 786 1926 apud
806 1845 903 1908 Deum
925 1843 1076 1924 pollicitus
1104 1853 1160 1923 est,
1191 1862 1225 1908 se
1250 1861 1313 1908 non

214 1952 339 2034 amplius
361 1953 528 2016 sacerdotis
557 1971 683 2018 munera
711 1973 780 2018 esse
809 1955 988 2018 obiturum·
1016 1953 1091 2016 'ium
1112 1973 1181 2018 eum
1203 1973 1313 2018 susce·

213 2062 257 2143 pit
278 2063 381 2145 eique:
404 2065 560 2146 Credisne,
581 2067 688 2146 inquit,
708 2083 777 2131 esse
798 2066 905 2147 Deum,
927 2083 1016 2146 quem
1038 2066 1110 2129 nihil
1131 2065 1226 2130 latet?
1259 2065 1314 2128 llle
1343 2125 1349 2136 ,

212 2175 390 2254 respondet:
412 2176 551 2256 Maxime,
580 2195 658 2258 rogo
686 2186 725 2242 te.
770 2177 901 2241 Deinde:
930 2177 1028 2258 Num,
1059 2177 1165 2258 inquit,
1187 2175 1313 2258 potuisti

213 2281 342 2347 illudere
362 2285 451 2350 Deo?
493 2287 682 2368 Respondet:
713 2288 781 2352 Non
802 2290 896 2370 potui,
926 2289 967 2352 mi
994 2287 1122 2352 domine.
1166 2287 1309 2370 Magnus:

213 2391 246 2458 Si
267 2397 419 2478 agnoscis,
439 2398 544 2480 inquit,
578 2406 734 2480 peccatum
765 2407 848 2463 tuum
879 2417 915 2462 ae
944 2399 1130 2480 disciplinam
1158 2398 1224 2476 Dei,
1252 2415 1312 2478 qua

214 2504 288 2570 haec
310 2507 437 2588 subiisti,
458 2516 490 2572 te
511 2510 649 2594 corrigas
671 2511 701 2573 in
723 2510 886 2592 posterum.
910 2511 968 2587 Qui
989 2509 1146 2574 confessus
1168 2519 1215 2574 est
1236 2526 1312 2590 pec·-

215 2627 314 2682 catum
336 2627 367 2683 et
387 2619 475 2682 fidem
497 2619 589 2698 dedit,
610 2637 644 2684 se
666 2639 728 2684 non
750 2621 875 2702 amplius
897 2639 966 2686 esse
986 2629 1191 2702 peccaturum,
1213 2638 1313 2702 neque

215 2727 302 2792 altari
330 2731 576 2811 ministraturum,
607 2723 661 2796 sed
692 2733 760 2796 10101
792 2741 906 2798 sortem
934 2732 1151 2814 amplexurum.
1195 2731 1313 2794 Deinde

216 2847 338 2903 sanctus
365 2841 394 2902 ei
422 2860 526 2906 manus
555 2843 704 2922 imposuit.
748 2843 806 2918 Qui
834 2844 937 2924 paucis
966 2842 1072 2905 diebus
1100 2849 1222 2906 sanatus
1251 2849 1313 2916 est;

216 2949 373 3029 capillique
396 2951 500 3029 capitis
528 2951 558 3013 ei
579 2959 754 3030 eraverunt,
786 2960 819 3015 et
847 2952 878 3016 in
910 2953 1030 3016 domum
1052 2969 1137 3023 suam
1168 2968 1313 3014 reversus

217 3059 397 3142 glorificavit
417 3061 524 3141 Deum,
546 3079 582 3124 ac
604 3063 715 3144 gratias
737 3062 801 3145 egit
821 3072 937 3128 sancto.
966 3063 1081 3126 Rursus
1103 3061 1165 3125 vidi
1186 3062 1223 3126 ad
1244 3079 1315 3124 eum

216 3171 325 3234 adduci
345 3189 473 3251 puerum
505 3190 522 3234 a
543 3171 651 3252 spiritu
673 3173 802 3256 maligno
825 3183 976 3240 vexatum.
1020 3173 1076 3236 Cui
1097 3183 1220 3238 sanctus
1247 3191 1315 3236 ma-

216 3301 289 3346 num
317 3283 454 3346 dextram
482 3282 514 3344 in
544 3291 633 3362 caput
661 3283 802 3366 imposuit
831 3293 862 3348 et
891 3283 1043 3348 sinistram
1063 3301 1154 3364 supra
1184 3302 1250 3364 eor,
1278 3302 1315 3348 no

216 3395 329 3459 tamdiu
364 3395 472 3474 oravit,
502 3394 598 3458 donec
627 3393 750 3459 fecisset
782 3412 851 3458 eum
877 3395 1012 3476 pendere
1043 3396 1075 3458 in
1102 3413 1182 3460 aere.
1234 3397 1314 3460 Puer

216 3508 322 3588 igitur,
354 3507 432 3572 sicut
453 3515 521 3572 uter
552 3505 683 3587 inflatus,
720 3507 752 3568 in
778 3523 908 3586 corpore
930 3506 1134 3586 maximopere
1162 3505 1314 3585 intumuit,

217 3617 336 3696 deinde,
365 3635 456 3698 quum
482 3617 582 3682 subito
611 3617 819 3696 exclamasset,
851 3634 907 3696 per
935 3633 1040 3680 omnes
1072 3633 1181 3680 sensus
1207 3633 1315 3696 aquam

216 3729 330 3810 emisit,
353 3747 429 3809 quae
450 3748 540 3810 quum
552 3729 701 3809 desiisset,
722 3730 754 3790 in
775 3737 851 3808 eam,
873 3745 932 3808 qua
952 3727 1036 3792 initio
1058 3726 1167 3807 luerat,
1188 3743 1314 3789 mensu-

215 3855 280 3904 ram
302 3839 399 3906 rediit.
443 3839 580 3922 Eumque
600 3859 691 3922 quum
714 3839 782 3904 oleo
805 3847 910 3904 sancto
933 3841 1070 3906 unxisset
1098 3847 1128 3904 et
1150 3857 1226 3923 aqua
1257 3839 1317 3900 be-

216 3951 334 4016 nedicta
354 3949 547 4032 perfudisset,
577 3953 654 4031 patri
681 3950 811 4014 reddidit
840 3969 875 4014 00
906 3949 1012 4032 vetuit,
1044 3969 1083 4012 nc
1113 3967 1315 4014 0010010100

216 4061 319 4122 vinum
340 4063 503 4145 attingeret
524 4062 719 4145 quadraginta
740 4063 854 4127 diebus.
878 4064 976 4126 Puero
998 4062 1118 4144 quidem
1139 4062 1182 4124 ita
1208 4072 1314 4127 sanato

217 4187 272 4232 eos
286 4167 413 4236 dimisit.
456 4173 543 4236 Hunc
571 4173 733 4239 Macarium
755 4192 896 4256 magnum
917 4174 1070 4260 quondam
1087 4183 1240 4239 vexarunt
1257 4192 1315 4237 co-

218 4281 379 4362 gitationes
400 4301 495 4345 vanae
517 4283 643 4366 gloriae,
672 4302 748 4364 quae
777 4303 846 4348 eum
874 4302 893 4349 e
914 4285 990 4350 cella
1018 4287 1131 4350 eiicere
1152 4294 1315 4364 tentarunt,
