<?xml version="1.0" encoding="UTF-8"?>
<!DOCTYPE html PUBLIC "-//W3C//DTD XHTML 1.0 Transitional//EN"
    "http://www.w3.org/TR/xhtml1/DTD/xhtml1-transitional.dtd">
<html xmlns="http://www.w3.org/1999/xhtml" xml:lang="en" lang="en">
 <head>
  <title>
</title>
<meta http-equiv="Content-Type" content="text/html;charset=utf-8" />
  <meta name='ocr-system' content='tesseract 3.04.00' />
  <meta name='ocr-capabilities' content='ocr_page ocr_carea ocr_par ocr_line ocrx_word'/>
</head>
<body>
  <div class='ocr_page' id='page_1' title='image "./macariiaegyptii00macagoog_0020.png"; bbox 0 0 2990 4986; ppageno 0'>
   <div class='ocr_carea' id='block_1_1' title="bbox 617 372 835 444">
    <p class='ocr_par' dir='ltr' id='par_1_1' title="bbox 617 372 835 444">
     <span class='ocr_line' id='line_1_1' title="bbox 617 372 835 444; baseline 0 -16"><span class='ocrx_word' id='word_1_1' title='bbox 617 372 835 444; x_wconf 62' lang='lat'>-5-</span> 
     </span>
    </p>
   </div>
   <div class='ocr_carea' id='block_1_2' title="bbox 140 570 1289 3416">
    <p class='ocr_par' dir='ltr' id='par_1_2' title="bbox 175 570 1289 1981">
     <span class='ocr_line' id='line_1_2' title="bbox 181 570 1280 655; baseline -0.001 -18"><span class='ocrx_word' id='word_1_2' title='bbox 181 573 240 637; x_wconf 87' lang='lat' dir='ltr'>ulla</span> <span class='ocrx_word' id='word_1_3' title='bbox 262 575 389 638; x_wconf 90' lang='lat' dir='ltr'>huminis</span> <span class='ocrx_word' id='word_1_4' title='bbox 412 588 469 654; x_wconf 89' lang='lat' dir='ltr'>ope</span> <span class='ocrx_word' id='word_1_5' title='bbox 492 571 650 655; x_wconf 80' lang='lat' dir='ltr'>degentes,</span> <span class='ocrx_word' id='word_1_6' title='bbox 677 589 731 652; x_wconf 95' lang='lat' dir='ltr'>per</span> <span class='ocrx_word' id='word_1_7' title='bbox 761 570 972 652; x_wconf 78' lang='lat' dir='ltr'>quinquaginta</span> <span class='ocrx_word' id='word_1_8' title='bbox 1006 587 1095 652; x_wconf 82' lang='lat' dir='ltr'>saepe</span> <span class='ocrx_word' id='word_1_9' title='bbox 1125 589 1218 636; x_wconf 89' lang='lat' dir='ltr'>annos</span> <span class='ocrx_word' id='word_1_10' title='bbox 1248 581 1280 636; x_wconf 90' lang='lat' dir='ltr'>et</span> 
     </span>
     <span class='ocr_line' id='line_1_3' title="bbox 180 679 1281 766; baseline -0.002 -18"><span class='ocrx_word' id='word_1_11' title='bbox 180 687 305 766; x_wconf 89' lang='lat' dir='ltr'>amplius</span> <span class='ocrx_word' id='word_1_12' title='bbox 335 685 445 746; x_wconf 93' lang='lat' dir='ltr'>nullius</span> <span class='ocrx_word' id='word_1_13' title='bbox 474 683 603 746; x_wconf 88' lang='lat' dir='ltr'>bominis</span> <span class='ocrx_word' id='word_1_14' title='bbox 626 681 740 744; x_wconf 93' lang='lat' dir='ltr'>vultum</span> <span class='ocrx_word' id='word_1_15' title='bbox 762 681 952 761; x_wconf 77' lang='lat' dir='ltr'>aspiciebant,</span> <span class='ocrx_word' id='word_1_16' title='bbox 980 679 1144 761; x_wconf 84' lang='lat' dir='ltr'>radicibus,</span> <span class='ocrx_word' id='word_1_17' title='bbox 1172 683 1281 763; x_wconf 89' lang='lat' dir='ltr'>pomis,</span> 
     </span>
     <span class='ocr_line' id='line_1_4' title="bbox 179 790 1278 872; baseline -0.004 -12"><span class='ocrx_word' id='word_1_18' title='bbox 179 797 281 860; x_wconf 84' lang='lat' dir='ltr'>herbis</span> <span class='ocrx_word' id='word_1_19' title='bbox 321 803 494 858; x_wconf 85' lang='lat' dir='ltr'>vescentes.</span> <span class='ocrx_word' id='word_1_20' title='bbox 555 793 619 855; x_wconf 89' lang='lat' dir='ltr'>Nec</span> <span class='ocrx_word' id='word_1_21' title='bbox 652 793 718 855; x_wconf 89' lang='lat' dir='ltr'>sine</span> <span class='ocrx_word' id='word_1_22' title='bbox 753 791 905 872; x_wconf 84' lang='lat' dir='ltr'>voluptate</span> <span class='ocrx_word' id='word_1_23' title='bbox 943 790 1164 856; x_wconf 83' lang='lat' dir='ltr'>fervescentem</span> <span class='ocrx_word' id='word_1_24' title='bbox 1205 793 1278 856; x_wconf 89' lang='lat' dir='ltr'>solis</span> 
     </span>
     <span class='ocr_line' id='line_1_5' title="bbox 177 901 1278 989; baseline -0.004 -21"><span class='ocrx_word' id='word_1_25' title='bbox 177 907 291 989; x_wconf 81' lang='lat' dir='ltr'>ignem,</span> <span class='ocrx_word' id='word_1_26' title='bbox 313 907 379 970; x_wconf 89' lang='lat' dir='ltr'>sitis</span> <span class='ocrx_word' id='word_1_27' title='bbox 402 906 552 984; x_wconf 89' lang='lat' dir='ltr'>ardorem,</span> <span class='ocrx_word' id='word_1_28' title='bbox 575 903 724 966; x_wconf 88' lang='lat' dir='ltr'>delectum</span> <span class='ocrx_word' id='word_1_29' title='bbox 746 921 840 982; x_wconf 89' lang='lat' dir='ltr'>aquae</span> <span class='ocrx_word' id='word_1_30' title='bbox 862 903 893 964; x_wconf 92' lang='lat' dir='ltr'>in</span> <span class='ocrx_word' id='word_1_31' title='bbox 907 901 1172 966; x_wconf 78' lang='lat' dir='ltr'>honoremdhristi</span> <span class='ocrx_word' id='word_1_32' title='bbox 1194 901 1278 965; x_wconf 86' lang='lat' dir='ltr'>iere-</span> 
     </span>
     <span class='ocr_line' id='line_1_6' title="bbox 178 1012 1278 1096; baseline -0.006 -16"><span class='ocrx_word' id='word_1_33' title='bbox 178 1019 259 1080; x_wconf 90' lang='lat' dir='ltr'>bant.</span> <span class='ocrx_word' id='word_1_34' title='bbox 303 1017 522 1096; x_wconf 86' lang='lat' dir='ltr'>Nonnunquam</span> <span class='ocrx_word' id='word_1_35' title='bbox 551 1014 649 1076; x_wconf 88' lang='lat' dir='ltr'>viator</span> <span class='ocrx_word' id='word_1_36' title='bbox 680 1012 834 1076; x_wconf 88' lang='lat' dir='ltr'>desertum</span> <span class='ocrx_word' id='word_1_37' title='bbox 863 1031 1028 1095; x_wconf 84' lang='lat' dir='ltr'>peragrans</span> <span class='ocrx_word' id='word_1_38' title='bbox 1054 1022 1122 1076; x_wconf 88' lang='lat' dir='ltr'>ante</span> <span class='ocrx_word' id='word_1_39' title='bbox 1143 1015 1278 1094; x_wconf 90' lang='lat' dir='ltr'>ipsorum</span> 
     </span>
     <span class='ocr_line' id='line_1_7' title="bbox 177 1125 1278 1208; baseline -0.005 -17"><span class='ocrx_word' id='word_1_40' title='bbox 177 1129 294 1192; x_wconf 89' lang='lat' dir='ltr'>obitum</span> <span class='ocrx_word' id='word_1_41' title='bbox 316 1129 400 1208; x_wconf 91' lang='lat' dir='ltr'>quasi</span> <span class='ocrx_word' id='word_1_42' title='bbox 422 1146 439 1188; x_wconf 90' lang='lat' dir='ltr'>a</span> <span class='ocrx_word' id='word_1_43' title='bbox 459 1127 523 1188; x_wconf 89' lang='lat' dir='ltr'>Deo</span> <span class='ocrx_word' id='word_1_44' title='bbox 546 1126 654 1188; x_wconf 91' lang='lat' dir='ltr'>missus</span> <span class='ocrx_word' id='word_1_45' title='bbox 675 1125 915 1203; x_wconf 89' lang='lat' dir='ltr'>superveniebat,</span> <span class='ocrx_word' id='word_1_46' title='bbox 938 1126 989 1204; x_wconf 89' lang='lat' dir='ltr'>qui</span> <span class='ocrx_word' id='word_1_47' title='bbox 1012 1125 1109 1187; x_wconf 90' lang='lat' dir='ltr'>nudos</span> <span class='ocrx_word' id='word_1_48' title='bbox 1131 1142 1184 1187; x_wconf 93' lang='lat' dir='ltr'>eos</span> <span class='ocrx_word' id='word_1_49' title='bbox 1206 1125 1278 1186; x_wconf 94' lang='lat' dir='ltr'>lon-</span> 
     </span>
     <span class='ocr_line' id='line_1_8' title="bbox 180 1234 1277 1322; baseline -0.005 -20"><span class='ocrx_word' id='word_1_50' title='bbox 180 1241 287 1322; x_wconf 83' lang='lat' dir='ltr'>gisque</span> <span class='ocrx_word' id='word_1_51' title='bbox 318 1237 432 1317; x_wconf 87' lang='lat' dir='ltr'>capillis</span> <span class='ocrx_word' id='word_1_52' title='bbox 461 1237 491 1298; x_wconf 93' lang='lat' dir='ltr'>in</span> <span class='ocrx_word' id='word_1_53' title='bbox 522 1253 652 1315; x_wconf 89' lang='lat' dir='ltr'>corpore</span> <span class='ocrx_word' id='word_1_54' title='bbox 674 1235 811 1298; x_wconf 89' lang='lat' dir='ltr'>obtectos</span> <span class='ocrx_word' id='word_1_55' title='bbox 841 1235 871 1295; x_wconf 96' lang='lat' dir='ltr'>in</span> <span class='ocrx_word' id='word_1_56' title='bbox 894 1234 996 1297; x_wconf 91' lang='lat' dir='ltr'>ultima</span> <span class='ocrx_word' id='word_1_57' title='bbox 1017 1235 1091 1297; x_wconf 92' lang='lat' dir='ltr'>hora</span> <span class='ocrx_word' id='word_1_58' title='bbox 1113 1235 1277 1314; x_wconf 85' lang='lat' dir='ltr'>reficiebat,</span> 
     </span>
     <span class='ocr_line' id='line_1_9' title="bbox 178 1342 1289 1424; baseline -0.002 -14"><span class='ocrx_word' id='word_1_59' title='bbox 178 1357 210 1411; x_wconf 89' lang='lat' dir='ltr'>et</span> <span class='ocrx_word' id='word_1_60' title='bbox 233 1349 359 1410; x_wconf 88' lang='lat' dir='ltr'>honesto</span> <span class='ocrx_word' id='word_1_61' title='bbox 382 1346 497 1408; x_wconf 90' lang='lat' dir='ltr'>tumulo</span> <span class='ocrx_word' id='word_1_62' title='bbox 521 1344 684 1424; x_wconf 89' lang='lat' dir='ltr'>sepeliebat</span> <span class='ocrx_word' id='word_1_63' title='bbox 699 1349 733 1420; x_wconf 89' lang='lat'>¹).</span> <span class='ocrx_word' id='word_1_64' title='bbox 779 1343 899 1406; x_wconf 85' lang='lat' dir='ltr'>Fratres</span> <span class='ocrx_word' id='word_1_65' title='bbox 918 1353 1016 1406; x_wconf 89' lang='lat' dir='ltr'>aulem</span> <span class='ocrx_word' id='word_1_66' title='bbox 1039 1345 1070 1406; x_wconf 91' lang='lat' dir='ltr'>in</span> <span class='ocrx_word' id='word_1_67' title='bbox 1087 1342 1289 1420; x_wconf 78' lang='lat' dir='ltr'>monasteriis</span> 
     </span>
     <span class='ocr_line' id='line_1_10' title="bbox 176 1455 1277 1540; baseline -0.004 -17"><span class='ocrx_word' id='word_1_68' title='bbox 176 1476 296 1540; x_wconf 87' lang='lat' dir='ltr'>semper</span> <span class='ocrx_word' id='word_1_69' title='bbox 317 1457 406 1520; x_wconf 89' lang='lat' dir='ltr'>nudis</span> <span class='ocrx_word' id='word_1_70' title='bbox 428 1456 555 1536; x_wconf 90' lang='lat' dir='ltr'>pedibus</span> <span class='ocrx_word' id='word_1_71' title='bbox 577 1465 607 1518; x_wconf 88' lang='lat' dir='ltr'>et</span> <span class='ocrx_word' id='word_1_72' title='bbox 629 1455 742 1517; x_wconf 89' lang='lat' dir='ltr'>baculis</span> <span class='ocrx_word' id='word_1_73' title='bbox 763 1455 883 1516; x_wconf 86' lang='lat' dir='ltr'>innixos</span> <span class='ocrx_word' id='word_1_74' title='bbox 905 1455 1084 1534; x_wconf 90' lang='lat' dir='ltr'>incessisse,</span> <span class='ocrx_word' id='word_1_75' title='bbox 1108 1465 1198 1536; x_wconf 87' lang='lat' dir='ltr'>eaput</span> <span class='ocrx_word' id='word_1_76' title='bbox 1220 1476 1277 1519; x_wconf 87' lang='lat' dir='ltr'>eu-</span> 
     </span>
     <span class='ocr_line' id='line_1_11' title="bbox 177 1565 1277 1646; baseline -0.001 -13"><span class='ocrx_word' id='word_1_77' title='bbox 177 1569 255 1633; x_wconf 90' lang='lat' dir='ltr'>cullo</span> <span class='ocrx_word' id='word_1_78' title='bbox 288 1569 422 1632; x_wconf 90' lang='lat' dir='ltr'>indutum</span> <span class='ocrx_word' id='word_1_79' title='bbox 456 1576 487 1630; x_wconf 92' lang='lat' dir='ltr'>et</span> <span class='ocrx_word' id='word_1_80' title='bbox 513 1567 657 1629; x_wconf 90' lang='lat' dir='ltr'>humeros</span> <span class='ocrx_word' id='word_1_81' title='bbox 695 1565 853 1646; x_wconf 88' lang='lat' dir='ltr'>scapulari,</span> <span class='ocrx_word' id='word_1_82' title='bbox 890 1583 1000 1646; x_wconf 92' lang='lat' dir='ltr'>corpus</span> <span class='ocrx_word' id='word_1_83' title='bbox 1035 1584 1111 1628; x_wconf 85' lang='lat' dir='ltr'>zona</span> <span class='ocrx_word' id='word_1_84' title='bbox 1146 1569 1277 1631; x_wconf 89' lang='lat' dir='ltr'>cinctum</span> 
     </span>
     <span class='ocr_line' id='line_1_12' title="bbox 176 1675 1276 1759; baseline 0 -17"><span class='ocrx_word' id='word_1_85' title='bbox 176 1680 325 1752; x_wconf 87' lang='lat' dir='ltr'>habuisse,</span> <span class='ocrx_word' id='word_1_86' title='bbox 349 1679 469 1758; x_wconf 92' lang='lat' dir='ltr'>insuper</span> <span class='ocrx_word' id='word_1_87' title='bbox 491 1677 632 1739; x_wconf 89' lang='lat' dir='ltr'>melotem</span> <span class='ocrx_word' id='word_1_88' title='bbox 654 1677 672 1738; x_wconf 90' lang='lat' dir='ltr'>i.</span> <span class='ocrx_word' id='word_1_89' title='bbox 696 1695 722 1738; x_wconf 84' lang='lat' dir='ltr'>c.</span> <span class='ocrx_word' id='word_1_90' title='bbox 746 1677 865 1737; x_wconf 88' lang='lat' dir='ltr'>ovinam</span> <span class='ocrx_word' id='word_1_91' title='bbox 893 1675 1001 1756; x_wconf 89' lang='lat' dir='ltr'>pellem</span> <span class='ocrx_word' id='word_1_92' title='bbox 1024 1678 1169 1758; x_wconf 85' lang='lat' dir='ltr'>gessisse,</span> <span class='ocrx_word' id='word_1_93' title='bbox 1198 1679 1276 1759; x_wconf 89' lang='lat' dir='ltr'>apud</span> 
     </span>
     <span class='ocr_line' id='line_1_13' title="bbox 175 1785 1276 1872; baseline -0.002 -19"><span class='ocrx_word' id='word_1_94' title='bbox 175 1790 341 1872; x_wconf 83' lang='lat' dir='ltr'>Euagrium</span> <span class='ocrx_word' id='word_1_95' title='bbox 350 1793 388 1866; x_wconf 85' lang='lat'>²),</span> <span class='ocrx_word' id='word_1_96' title='bbox 411 1787 583 1850; x_wconf 86' lang='lat' dir='ltr'>Cassianum</span> <span class='ocrx_word' id='word_1_97' title='bbox 595 1789 621 1858; x_wconf 82' lang='lat'>³)</span> <span class='ocrx_word' id='word_1_98' title='bbox 642 1795 674 1850; x_wconf 94' lang='lat' dir='ltr'>et</span> <span class='ocrx_word' id='word_1_99' title='bbox 695 1788 725 1848; x_wconf 94' lang='lat' dir='ltr'>in</span> <span class='ocrx_word' id='word_1_100' title='bbox 747 1785 878 1848; x_wconf 79' lang='lat' dir='ltr'>vv.1&gt;1&gt;.</span> <span class='ocrx_word' id='word_1_101' title='bbox 902 1787 1041 1850; x_wconf 87' lang='lat' dir='ltr'>editionis</span> <span class='ocrx_word' id='word_1_102' title='bbox 1050 1788 1276 1851; x_wconf 86' lang='lat' dir='ltr'>Rosweidianae</span> 
     </span>
     <span class='ocr_line' id='line_1_14' title="bbox 175 1899 712 1981; baseline -0.013 -20"><span class='ocrx_word' id='word_1_103' title='bbox 175 1899 385 1981; x_wconf 90' lang='lat' dir='ltr'>copiosissime</span> <span class='ocrx_word' id='word_1_104' title='bbox 407 1905 558 1958; x_wconf 88' lang='lat' dir='ltr'>narratur.</span> <span class='ocrx_word' id='word_1_105' title='bbox 709 1971 712 1978; x_wconf 21' lang='grc' dir='ltr'>Ι</span> 
     </span>
    </p>

    <p class='ocr_par' dir='ltr' id='par_1_3' title="bbox 140 2005 1276 3416">
     <span class='ocr_line' id='line_1_15' title="bbox 262 2005 1275 2090; baseline -0.001 -20"><span class='ocrx_word' id='word_1_106' title='bbox 262 2009 294 2088; x_wconf 66' lang='lat'>5.</span> <span class='ocrx_word' id='word_1_107' title='bbox 324 2006 355 2070; x_wconf 88' lang='lat'>3.</span> <span class='ocrx_word' id='word_1_108' title='bbox 399 2006 566 2070; x_wconf 88' lang='lat' dir='ltr'>Solitariam</span> <span class='ocrx_word' id='word_1_109' title='bbox 598 2007 629 2068; x_wconf 90' lang='lat' dir='ltr'>in</span> <span class='ocrx_word' id='word_1_110' title='bbox 657 2005 799 2090; x_wconf 82' lang='lat' dir='ltr'>Aegypto</span> <span class='ocrx_word' id='word_1_111' title='bbox 833 2007 924 2070; x_wconf 85' lang='lat' dir='ltr'>vitam</span> <span class='ocrx_word' id='word_1_112' title='bbox 957 2008 1055 2087; x_wconf 89' lang='lat' dir='ltr'>quarti</span> <span class='ocrx_word' id='word_1_113' title='bbox 1088 2007 1201 2069; x_wconf 90' lang='lat' dir='ltr'>saeculi</span> <span class='ocrx_word' id='word_1_114' title='bbox 1234 2015 1275 2083; x_wconf 94' lang='lat' dir='ltr'>et,</span> 
     </span>
     <span class='ocr_line' id='line_1_16' title="bbox 176 2117 1276 2200; baseline -0.002 -19"><span class='ocrx_word' id='word_1_115' title='bbox 176 2137 237 2199; x_wconf 90' lang='lat' dir='ltr'>quo</span> <span class='ocrx_word' id='word_1_116' title='bbox 259 2119 329 2180; x_wconf 89' lang='lat' dir='ltr'>inda</span> <span class='ocrx_word' id='word_1_117' title='bbox 351 2118 410 2181; x_wconf 92' lang='lat' dir='ltr'>late</span> <span class='ocrx_word' id='word_1_118' title='bbox 432 2117 537 2181; x_wconf 86' lang='lat' dir='ltr'>dillusa</span> <span class='ocrx_word' id='word_1_119' title='bbox 560 2127 615 2198; x_wconf 87' lang='lat' dir='ltr'>est,</span> <span class='ocrx_word' id='word_1_120' title='bbox 638 2119 669 2179; x_wconf 90' lang='lat' dir='ltr'>in</span> <span class='ocrx_word' id='word_1_121' title='bbox 681 2118 767 2200; x_wconf 83' lang='lat' dir='ltr'>Syria</span> <span class='ocrx_word' id='word_1_122' title='bbox 789 2128 820 2181; x_wconf 93' lang='lat' dir='ltr'>et</span> <span class='ocrx_word' id='word_1_123' title='bbox 831 2119 996 2183; x_wconf 89' lang='lat' dir='ltr'>Palaestina</span> <span class='ocrx_word' id='word_1_124' title='bbox 1011 2119 1135 2181; x_wconf 92' lang='lat' dir='ltr'>uberius</span> <span class='ocrx_word' id='word_1_125' title='bbox 1156 2118 1276 2182; x_wconf 89' lang='lat' dir='ltr'>descri-</span> 
     </span>
     <span class='ocr_line' id='line_1_17' title="bbox 175 2229 1275 2312; baseline -0.004 -18"><span class='ocrx_word' id='word_1_126' title='bbox 175 2232 258 2309; x_wconf 90' lang='lat' dir='ltr'>bere,</span> <span class='ocrx_word' id='word_1_127' title='bbox 283 2232 319 2292; x_wconf 84' lang='lat' dir='ltr'>ab</span> <span class='ocrx_word' id='word_1_128' title='bbox 341 2230 398 2294; x_wconf 89' lang='lat' dir='ltr'>boc</span> <span class='ocrx_word' id='word_1_129' title='bbox 419 2230 487 2293; x_wconf 92' lang='lat' dir='ltr'>loco</span> <span class='ocrx_word' id='word_1_130' title='bbox 510 2231 638 2292; x_wconf 92' lang='lat' dir='ltr'>alienum</span> <span class='ocrx_word' id='word_1_131' title='bbox 661 2241 716 2294; x_wconf 92' lang='lat' dir='ltr'>est.</span> <span class='ocrx_word' id='word_1_132' title='bbox 761 2231 934 2312; x_wconf 84' lang='lat' dir='ltr'>Quanquam</span> <span class='ocrx_word' id='word_1_133' title='bbox 956 2231 1030 2293; x_wconf 89' lang='lat' dir='ltr'>haee</span> <span class='ocrx_word' id='word_1_134' title='bbox 1048 2247 1141 2310; x_wconf 89' lang='lat' dir='ltr'>pauca</span> <span class='ocrx_word' id='word_1_135' title='bbox 1164 2229 1275 2291; x_wconf 88' lang='lat' dir='ltr'>adiun-</span> 
     </span>
     <span class='ocr_line' id='line_1_18' title="bbox 173 2339 1273 2424; baseline -0.003 -20"><span class='ocrx_word' id='word_1_136' title='bbox 173 2343 271 2424; x_wconf 82' lang='lat' dir='ltr'>genda</span> <span class='ocrx_word' id='word_1_137' title='bbox 294 2342 441 2404; x_wconf 85' lang='lat' dir='ltr'>duximus.</span> <span class='ocrx_word' id='word_1_138' title='bbox 487 2341 574 2403; x_wconf 82' lang='lat' dir='ltr'>Pater</span> <span class='ocrx_word' id='word_1_139' title='bbox 597 2341 789 2404; x_wconf 88' lang='lat' dir='ltr'>monachicae</span> <span class='ocrx_word' id='word_1_140' title='bbox 811 2341 1006 2406; x_wconf 89' lang='lat' dir='ltr'>institutionis</span> <span class='ocrx_word' id='word_1_141' title='bbox 1029 2341 1059 2402; x_wconf 92' lang='lat' dir='ltr'>in</span> <span class='ocrx_word' id='word_1_142' title='bbox 1080 2340 1221 2422; x_wconf 78' lang='lat' dir='ltr'>Aegypto</span> <span class='ocrx_word' id='word_1_143' title='bbox 1243 2339 1273 2402; x_wconf 89' lang='lat' dir='ltr'>S.</span> 
     </span>
     <span class='ocr_line' id='line_1_19' title="bbox 171 2451 1274 2534; baseline -0.004 -18"><span class='ocrx_word' id='word_1_144' title='bbox 171 2452 322 2516; x_wconf 87' lang='lat' dir='ltr'>Antonius</span> <span class='ocrx_word' id='word_1_145' title='bbox 344 2469 471 2534; x_wconf 80' lang='lat' dir='ltr'>magnus</span> <span class='ocrx_word' id='word_1_146' title='bbox 494 2451 564 2527; x_wconf 88' lang='lat' dir='ltr'>luit;</span> <span class='ocrx_word' id='word_1_147' title='bbox 599 2470 667 2513; x_wconf 92' lang='lat' dir='ltr'>nam</span> <span class='ocrx_word' id='word_1_148' title='bbox 697 2453 845 2530; x_wconf 89' lang='lat' dir='ltr'>,necdum</span> <span class='ocrx_word' id='word_1_149' title='bbox 875 2460 946 2515; x_wconf 91' lang='lat' dir='ltr'>ante</span> <span class='ocrx_word' id='word_1_150' title='bbox 975 2469 1044 2514; x_wconf 89' lang='lat' dir='ltr'>eum</span> <span class='ocrx_word' id='word_1_151' title='bbox 1073 2461 1132 2514; x_wconf 91' lang='lat' dir='ltr'>tam</span> <span class='ocrx_word' id='word_1_152' title='bbox 1166 2451 1274 2513; x_wconf 87' lang='lat' dir='ltr'>crebra</span> 
     </span>
     <span class='ocr_line' id='line_1_20' title="bbox 173 2561 1274 2644; baseline -0.004 -19"><span class='ocrx_word' id='word_1_153' title='bbox 173 2573 261 2626; x_wconf 90' lang='lat' dir='ltr'>erant</span> <span class='ocrx_word' id='word_1_154' title='bbox 281 2563 313 2624; x_wconf 91' lang='lat' dir='ltr'>in</span> <span class='ocrx_word' id='word_1_155' title='bbox 335 2562 477 2644; x_wconf 78' lang='lat' dir='ltr'>Aegypto</span> <span class='ocrx_word' id='word_1_156' title='bbox 504 2564 699 2636; x_wconf 88' lang='lat' dir='ltr'>monasteria,</span> <span class='ocrx_word' id='word_1_157' title='bbox 722 2581 821 2642; x_wconf 90' lang='lat' dir='ltr'>neque</span> <span class='ocrx_word' id='word_1_158' title='bbox 850 2563 971 2626; x_wconf 92' lang='lat' dir='ltr'>omnino</span> <span class='ocrx_word' id='word_1_159' title='bbox 994 2561 1149 2642; x_wconf 89' lang='lat' dir='ltr'>quisquam</span> <span class='ocrx_word' id='word_1_160' title='bbox 1179 2562 1274 2622; x_wconf 90' lang='lat' dir='ltr'>aviam</span> 
     </span>
     <span class='ocr_line' id='line_1_21' title="bbox 175 2670 1274 2750; baseline -0.001 -17"><span class='ocrx_word' id='word_1_161' title='bbox 175 2673 366 2734; x_wconf 88' lang='lat' dir='ltr'>solitudinem</span> <span class='ocrx_word' id='word_1_162' title='bbox 387 2681 522 2743; x_wconf 90' lang='lat' dir='ltr'>noverat,</span> <span class='ocrx_word' id='word_1_163' title='bbox 546 2672 599 2732; x_wconf 94' lang='lat' dir='ltr'>sed</span> <span class='ocrx_word' id='word_1_164' title='bbox 618 2673 788 2750; x_wconf 90' lang='lat' dir='ltr'>quicunque</span> <span class='ocrx_word' id='word_1_165' title='bbox 809 2673 840 2733; x_wconf 93' lang='lat' dir='ltr'>in</span> <span class='ocrx_word' id='word_1_166' title='bbox 859 2672 969 2735; x_wconf 83' lang='lat' dir='ltr'>Christi</span> <span class='ocrx_word' id='word_1_167' title='bbox 988 2673 1134 2735; x_wconf 90' lang='lat' dir='ltr'>servitute</span> <span class='ocrx_word' id='word_1_168' title='bbox 1156 2670 1274 2732; x_wconf 90' lang='lat' dir='ltr'>sibimet</span> 
     </span>
     <span class='ocr_line' id='line_1_22' title="bbox 173 2780 1273 2862; baseline -0.002 -18"><span class='ocrx_word' id='word_1_169' title='bbox 173 2783 230 2862; x_wconf 90' lang='lat' dir='ltr'>ipsi</span> <span class='ocrx_word' id='word_1_170' title='bbox 253 2781 398 2860; x_wconf 90' lang='lat' dir='ltr'>prodesse</span> <span class='ocrx_word' id='word_1_171' title='bbox 420 2781 569 2860; x_wconf 83' lang='lat' dir='ltr'>cupiebat,</span> <span class='ocrx_word' id='word_1_172' title='bbox 591 2797 652 2843; x_wconf 94' lang='lat' dir='ltr'>non</span> <span class='ocrx_word' id='word_1_173' title='bbox 673 2780 765 2862; x_wconf 83' lang='lat' dir='ltr'>longe</span> <span class='ocrx_word' id='word_1_174' title='bbox 793 2799 810 2842; x_wconf 90' lang='lat' dir='ltr'>a</span> <span class='ocrx_word' id='word_1_175' title='bbox 836 2799 891 2843; x_wconf 91' lang='lat' dir='ltr'>sua</span> <span class='ocrx_word' id='word_1_176' title='bbox 913 2782 983 2843; x_wconf 90' lang='lat' dir='ltr'>villa</span> <span class='ocrx_word' id='word_1_177' title='bbox 1003 2785 1161 2860; x_wconf 83' lang='lat' dir='ltr'>separatus</span> <span class='ocrx_word' id='word_1_178' title='bbox 1183 2781 1273 2842; x_wconf 87' lang='lat' dir='ltr'>insti-</span> 
     </span>
     <span class='ocr_line' id='line_1_23' title="bbox 173 2890 1273 2970; baseline -0.002 -14"><span class='ocrx_word' id='word_1_179' title='bbox 173 2893 332 2956; x_wconf 83' lang='lat' dir='ltr'>tuebatur“</span> <span class='ocrx_word' id='word_1_180' title='bbox 346 2893 382 2965; x_wconf 76' lang='lat'>⁴).</span> <span class='ocrx_word' id='word_1_181' title='bbox 427 2890 577 2954; x_wconf 87' lang='lat' dir='ltr'>Antonius</span> <span class='ocrx_word' id='word_1_182' title='bbox 598 2908 685 2968; x_wconf 88' lang='lat' dir='ltr'>varo,</span> <span class='ocrx_word' id='word_1_183' title='bbox 706 2891 778 2952; x_wconf 87' lang='lat' dir='ltr'>licet</span> <span class='ocrx_word' id='word_1_184' title='bbox 799 2893 860 2952; x_wconf 86' lang='lat' dir='ltr'>vita</span> <span class='ocrx_word' id='word_1_185' title='bbox 888 2891 954 2952; x_wconf 89' lang='lat' dir='ltr'>eius</span> <span class='ocrx_word' id='word_1_186' title='bbox 982 2890 1091 2954; x_wconf 87' lang='lat' dir='ltr'>mullos</span> <span class='ocrx_word' id='word_1_187' title='bbox 1113 2899 1213 2970; x_wconf 91' lang='lat' dir='ltr'>patres</span> <span class='ocrx_word' id='word_1_188' title='bbox 1235 2893 1273 2954; x_wconf 90' lang='lat' dir='ltr'>ad</span> 
     </span>
     <span class='ocr_line' id='line_1_24' title="bbox 172 3000 1272 3080; baseline 0 -16"><span class='ocrx_word' id='word_1_189' title='bbox 172 3002 365 3064; x_wconf 89' lang='lat' dir='ltr'>imitationem</span> <span class='ocrx_word' id='word_1_190' title='bbox 386 3000 612 3063; x_wconf 86' lang='lat' dir='ltr'>inflammaverit</span> <span class='ocrx_word' id='word_1_191' title='bbox 633 3009 664 3062; x_wconf 89' lang='lat' dir='ltr'>et</span> <span class='ocrx_word' id='word_1_192' title='bbox 690 3001 826 3080; x_wconf 75' lang='lat' dir='ltr'>,carnotis</span> <span class='ocrx_word' id='word_1_193' title='bbox 849 3001 886 3062; x_wconf 92' lang='lat' dir='ltr'>ad</span> <span class='ocrx_word' id='word_1_194' title='bbox 915 3000 1086 3064; x_wconf 85' lang='lat' dir='ltr'>imitandum</span> <span class='ocrx_word' id='word_1_195' title='bbox 1116 3001 1272 3080; x_wconf 88' lang='lat' dir='ltr'>praeclare</span> 
     </span>
     <span class='ocr_line' id='line_1_25' title="bbox 172 3111 1271 3192; baseline 0.003 -20"><span class='ocrx_word' id='word_1_196' title='bbox 172 3112 343 3192; x_wconf 84' lang='lat' dir='ltr'>proposita“</span> <span class='ocrx_word' id='word_1_197' title='bbox 359 3113 384 3188; x_wconf 81' lang='lat'>⁵)</span> <span class='ocrx_word' id='word_1_198' title='bbox 407 3127 519 3172; x_wconf 92' lang='lat' dir='ltr'>novum</span> <span class='ocrx_word' id='word_1_199' title='bbox 540 3111 622 3173; x_wconf 93' lang='lat' dir='ltr'>illum</span> <span class='ocrx_word' id='word_1_200' title='bbox 645 3113 681 3173; x_wconf 88' lang='lat' dir='ltr'>ad</span> <span class='ocrx_word' id='word_1_201' title='bbox 701 3128 822 3176; x_wconf 89' lang='lat' dir='ltr'>eremos</span> <span class='ocrx_word' id='word_1_202' title='bbox 844 3129 1025 3174; x_wconf 85' lang='lat' dir='ltr'>concursum</span> <span class='ocrx_word' id='word_1_203' title='bbox 1048 3111 1173 3173; x_wconf 91' lang='lat' dir='ltr'>multum</span> <span class='ocrx_word' id='word_1_204' title='bbox 1196 3129 1271 3192; x_wconf 92' lang='lat' dir='ltr'>pro-</span> 
     </span>
     <span class='ocr_line' id='line_1_26' title="bbox 171 3221 1269 3304; baseline 0.005 -22"><span class='ocrx_word' id='word_1_205' title='bbox 171 3223 310 3300; x_wconf 87' lang='lat' dir='ltr'>moverit,</span> <span class='ocrx_word' id='word_1_206' title='bbox 332 3221 452 3284; x_wconf 86' lang='lat' dir='ltr'>minime</span> <span class='ocrx_word' id='word_1_207' title='bbox 474 3221 555 3282; x_wconf 91' lang='lat' dir='ltr'>hunc</span> <span class='ocrx_word' id='word_1_208' title='bbox 576 3222 751 3284; x_wconf 91' lang='lat' dir='ltr'>interiorem</span> <span class='ocrx_word' id='word_1_209' title='bbox 762 3223 861 3304; x_wconf 86' lang='lat' dir='ltr'>gentis</span> <span class='ocrx_word' id='word_1_210' title='bbox 872 3222 1076 3304; x_wconf 72' lang='lat' dir='ltr'>Aegyptiacae</span> <span class='ocrx_word' id='word_1_211' title='bbox 1093 3222 1269 3304; x_wconf 83' lang='lat' dir='ltr'>religiosum</span> 
     </span>
     <span class='ocr_line' id='line_1_27' title="bbox 140 3331 1269 3416; baseline 0.002 -22"><span class='ocrx_word' id='word_1_212' title='bbox 140 3383 147 3400; x_wconf 88' lang='lat'>.</span> <span class='ocrx_word' id='word_1_213' title='bbox 170 3332 259 3394; x_wconf 91' lang='lat' dir='ltr'>animi</span> <span class='ocrx_word' id='word_1_214' title='bbox 281 3349 404 3394; x_wconf 89' lang='lat' dir='ltr'>sensum</span> <span class='ocrx_word' id='word_1_215' title='bbox 426 3341 541 3396; x_wconf 90' lang='lat' dir='ltr'>tumere</span> <span class='ocrx_word' id='word_1_216' title='bbox 552 3331 734 3413; x_wconf 84' lang='lat' dir='ltr'>procreavit,</span> <span class='ocrx_word' id='word_1_217' title='bbox 752 3351 859 3396; x_wconf 89' lang='lat' dir='ltr'>verum</span> <span class='ocrx_word' id='word_1_218' title='bbox 878 3340 1012 3413; x_wconf 90' lang='lat' dir='ltr'>tempora</span> <span class='ocrx_word' id='word_1_219' title='bbox 1027 3333 1077 3395; x_wconf 89' lang='lat' dir='ltr'>illa</span> <span class='ocrx_word' id='word_1_220' title='bbox 1087 3332 1218 3416; x_wconf 81' lang='lat' dir='ltr'>Aegypti</span> <span class='ocrx_word' id='word_1_221' title='bbox 1231 3334 1269 3396; x_wconf 87' lang='lat' dir='ltr'>ad</span> 
     </span>
    </p>
   </div>
   <div class='ocr_carea' id='block_1_3' title="bbox 137 3543 1297 4410">
    <p class='ocr_par' dir='ltr' id='par_1_4' title="bbox 197 3543 1267 3790">
     <span class='ocr_line' id='line_1_28' title="bbox 197 3543 1267 3614; baseline -0.004 -16"><span class='ocrx_word' id='word_1_222' title='bbox 197 3547 226 3611; x_wconf 86' lang='lat'>1)</span> <span class='ocrx_word' id='word_1_223' title='bbox 247 3547 310 3597; x_wconf 87' lang='lat' dir='ltr'>Vita</span> <span class='ocrx_word' id='word_1_224' title='bbox 330 3543 464 3611; x_wconf 89' lang='lat' dir='ltr'>0nuphrii.</span> <span class='ocrx_word' id='word_1_225' title='bbox 484 3545 539 3596; x_wconf 86' lang='lat' dir='ltr'>VV.</span> <span class='ocrx_word' id='word_1_226' title='bbox 556 3545 604 3597; x_wconf 81' lang='lat' dir='ltr'>l&#39;l’.</span> <span class='ocrx_word' id='word_1_227' title='bbox 627 3545 716 3602; x_wconf 86' lang='lat' dir='ltr'>llasw.</span> <span class='ocrx_word' id='word_1_228' title='bbox 736 3561 752 3613; x_wconf 91' lang='lat' dir='ltr'>p</span> <span class='ocrx_word' id='word_1_229' title='bbox 784 3545 820 3599; x_wconf 83' lang='lat'>99</span> <span class='ocrx_word' id='word_1_230' title='bbox 833 3561 890 3614; x_wconf 85' lang='lat' dir='ltr'>sqq.</span> <span class='ocrx_word' id='word_1_231' title='bbox 932 3545 971 3596; x_wconf 84' lang='lat' dir='ltr'>De</span> <span class='ocrx_word' id='word_1_232' title='bbox 991 3544 1136 3596; x_wconf 85' lang='lat' dir='ltr'>coenobitis</span> <span class='ocrx_word' id='word_1_233' title='bbox 1156 3551 1183 3594; x_wconf 87' lang='lat' dir='ltr'>et</span> <span class='ocrx_word' id='word_1_234' title='bbox 1202 3559 1267 3594; x_wconf 87' lang='lat' dir='ltr'>ana-</span> 
     </span>
     <span class='ocr_line' id='line_1_29' title="bbox 245 3629 1265 3702; baseline 0.002 -18"><span class='ocrx_word' id='word_1_235' title='bbox 245 3632 358 3684; x_wconf 84' lang='lat' dir='ltr'>choretis</span> <span class='ocrx_word' id='word_1_236' title='bbox 397 3633 502 3687; x_wconf 85' lang='lat' dir='ltr'>llieron.</span> <span class='ocrx_word' id='word_1_237' title='bbox 532 3647 573 3699; x_wconf 89' lang='lat' dir='ltr'>ep.</span> <span class='ocrx_word' id='word_1_238' title='bbox 602 3637 638 3688; x_wconf 77' lang='lat'>22</span> <span class='ocrx_word' id='word_1_239' title='bbox 658 3635 700 3686; x_wconf 90' lang='lat' dir='ltr'>ed.</span> <span class='ocrx_word' id='word_1_240' title='bbox 729 3635 815 3702; x_wconf 83' lang='lat' dir='ltr'>bligne</span> <span class='ocrx_word' id='word_1_241' title='bbox 835 3633 862 3691; x_wconf 82' lang='grc' dir='ltr'>Τ.</span> <span class='ocrx_word' id='word_1_242' title='bbox 884 3637 904 3686; x_wconf 90' lang='grc' dir='ltr'>Ι.</span> <span class='ocrx_word' id='word_1_243' title='bbox 926 3649 951 3700; x_wconf 92' lang='lat' dir='ltr'>p.</span> <span class='ocrx_word' id='word_1_244' title='bbox 973 3629 1030 3686; x_wconf 84' lang='lat'>419</span> <span class='ocrx_word' id='word_1_245' title='bbox 1051 3647 1107 3702; x_wconf 89' lang='lat' dir='ltr'>sqq.</span> <span class='ocrx_word' id='word_1_246' title='bbox 1148 3630 1265 3686; x_wconf 76' lang='lat' dir='ltr'>Cassian.</span> 
     </span>
     <span class='ocr_line' id='line_1_30' title="bbox 245 3717 614 3790; baseline 0 -17"><span class='ocrx_word' id='word_1_247' title='bbox 245 3719 420 3778; x_wconf 84' lang='lat' dir='ltr'>coll.xv111</span> <span class='ocrx_word' id='word_1_248' title='bbox 441 3736 497 3786; x_wconf 85' lang='lat' dir='ltr'>cap.</span> <span class='ocrx_word' id='word_1_249' title='bbox 518 3717 536 3772; x_wconf 80' lang='lat'><strong>4</strong></span> <span class='ocrx_word' id='word_1_250' title='bbox 557 3738 614 3790; x_wconf 87' lang='lat' dir='ltr'>sqq.</span> 
     </span>
    </p>

    <p class='ocr_par' dir='ltr' id='par_1_5' title="bbox 137 3793 1297 3968">
     <span class='ocr_line' id='line_1_31' title="bbox 137 3793 1297 3882; baseline -0.006 -19"><span class='ocrx_word' id='word_1_251' title='bbox 137 3873 142 3882; x_wconf 28' lang='grc' dir='ltr'><em>ι</em></span> <span class='ocrx_word' id='word_1_252' title='bbox 195 3809 224 3877; x_wconf 72' lang='lat'>2)</span> <span class='ocrx_word' id='word_1_253' title='bbox 245 3814 275 3862; x_wconf 93' lang='lat' dir='ltr'>ln</span> <span class='ocrx_word' id='word_1_254' title='bbox 296 3809 378 3873; x_wconf 89' lang='lat' dir='ltr'>libro,</span> <span class='ocrx_word' id='word_1_255' title='bbox 398 3810 442 3877; x_wconf 93' lang='lat' dir='ltr'>qui</span> <span class='ocrx_word' id='word_1_256' title='bbox 463 3811 602 3876; x_wconf 84' lang='lat' dir='ltr'>inscriptus</span> <span class='ocrx_word' id='word_1_257' title='bbox 623 3819 675 3862; x_wconf 84' lang='lat' dir='ltr'>est:</span> <span class='ocrx_word' id='word_1_258' title='bbox 708 3809 797 3878; x_wconf 81' lang='lat' dir='ltr'>Capita</span> <span class='ocrx_word' id='word_1_259' title='bbox 817 3813 930 3878; x_wconf 88' lang='lat' dir='ltr'>practica</span> <span class='ocrx_word' id='word_1_260' title='bbox 949 3811 982 3862; x_wconf 88' lang='lat' dir='ltr'>ad</span> <span class='ocrx_word' id='word_1_261' title='bbox 1002 3811 1157 3864; x_wconf 80' lang='lat' dir='ltr'>Anatolium.</span> <span class='ocrx_word' id='word_1_262' title='bbox 1195 3806 1264 3858; x_wconf 82' lang='lat' dir='ltr'>Bibl.</span> <span class='ocrx_word' id='word_1_263' title='bbox 1295 3793 1297 3798; x_wconf 41' lang='lat'><strong>¹</strong></span> 
     </span>
     <span class='ocr_line' id='line_1_32' title="bbox 245 3898 631 3968; baseline 0 -16"><span class='ocrx_word' id='word_1_264' title='bbox 245 3898 311 3952; x_wconf 84' lang='lat' dir='ltr'>Gall.</span> <span class='ocrx_word' id='word_1_265' title='bbox 334 3899 361 3956; x_wconf 83' lang='lat' dir='ltr'>T.</span> <span class='ocrx_word' id='word_1_266' title='bbox 382 3899 431 3950; x_wconf 89' lang='lat' dir='ltr'>Vll</span> <span class='ocrx_word' id='word_1_267' title='bbox 452 3913 477 3964; x_wconf 93' lang='lat' dir='ltr'>p.</span> <span class='ocrx_word' id='word_1_268' title='bbox 498 3899 554 3952; x_wconf 79' lang='lat'>553</span> <span class='ocrx_word' id='word_1_269' title='bbox 575 3915 631 3968; x_wconf 86' lang='lat' dir='ltr'>sqq.</span> 
     </span>
    </p>

    <p class='ocr_par' dir='ltr' id='par_1_6' title="bbox 193 3979 1264 4145">
     <span class='ocr_line' id='line_1_33' title="bbox 193 3979 1264 4056; baseline -0.008 -16"><span class='ocrx_word' id='word_1_270' title='bbox 193 3989 223 4052; x_wconf 83' lang='lat'>3)</span> <span class='ocrx_word' id='word_1_271' title='bbox 244 3989 277 4044; x_wconf 82' lang='lat' dir='ltr'>cl.</span> <span class='ocrx_word' id='word_1_272' title='bbox 311 3989 344 4040; x_wconf 88' lang='lat' dir='ltr'>de</span> <span class='ocrx_word' id='word_1_273' title='bbox 375 3987 558 4040; x_wconf 82' lang='lat' dir='ltr'>coenobiorum</span> <span class='ocrx_word' id='word_1_274' title='bbox 587 3991 710 4041; x_wconf 84' lang='lat' dir='ltr'>institutis</span> <span class='ocrx_word' id='word_1_275' title='bbox 736 3989 782 4046; x_wconf 89' lang='lat' dir='ltr'>lib.</span> <span class='ocrx_word' id='word_1_276' title='bbox 802 3992 824 4041; x_wconf 90' lang='lat' dir='ltr'>l.</span> <span class='ocrx_word' id='word_1_277' title='bbox 856 3987 923 4056; x_wconf 90' lang='lat' dir='ltr'>Opp.</span> <span class='ocrx_word' id='word_1_278' title='bbox 946 3986 1062 4041; x_wconf 80' lang='lat' dir='ltr'>Cassiani</span> <span class='ocrx_word' id='word_1_279' title='bbox 1084 3986 1125 4038; x_wconf 90' lang='lat' dir='ltr'>ed.</span> <span class='ocrx_word' id='word_1_280' title='bbox 1148 3979 1264 4034; x_wconf 83' lang='lat' dir='ltr'>Gazaeus</span> 
     </span>
     <span class='ocr_line' id='line_1_34' title="bbox 244 4075 384 4145; baseline 0.021 -3"><span class='ocrx_word' id='word_1_281' title='bbox 244 4093 270 4142; x_wconf 85' lang='lat' dir='ltr'>n·</span> <span class='ocrx_word' id='word_1_282' title='bbox 292 4075 384 4145; x_wconf 66' lang='lat' dir='ltr'>lena·</span> 
     </span>
    </p>

    <p class='ocr_par' dir='ltr' id='par_1_7' title="bbox 192 4159 1263 4322">
     <span class='ocr_line' id='line_1_35' title="bbox 192 4159 1263 4236; baseline -0.007 -16"><span class='ocrx_word' id='word_1_283' title='bbox 192 4165 222 4232; x_wconf 81' lang='lat'>4)</span> <span class='ocrx_word' id='word_1_284' title='bbox 243 4167 302 4216; x_wconf 88' lang='lat' dir='ltr'>Vita</span> <span class='ocrx_word' id='word_1_285' title='bbox 323 4166 349 4218; x_wconf 87' lang='lat' dir='ltr'>S.</span> <span class='ocrx_word' id='word_1_286' title='bbox 371 4166 486 4230; x_wconf 82' lang='lat' dir='ltr'>Antonii,</span> <span class='ocrx_word' id='word_1_287' title='bbox 502 4165 567 4234; x_wconf 85' lang='lat' dir='ltr'>Opp.</span> <span class='ocrx_word' id='word_1_288' title='bbox 582 4166 642 4222; x_wconf 81' lang='lat' dir='ltr'>hth.</span> <span class='ocrx_word' id='word_1_289' title='bbox 661 4167 679 4224; x_wconf 93' lang='lat' dir='ltr'>l.</span> <span class='ocrx_word' id='word_1_290' title='bbox 699 4168 716 4220; x_wconf 88' lang='grc' dir='ltr'>Ι,</span> <span class='ocrx_word' id='word_1_291' title='bbox 739 4183 764 4235; x_wconf 86' lang='lat' dir='ltr'>p.</span> <span class='ocrx_word' id='word_1_292' title='bbox 787 4163 844 4220; x_wconf 78' lang='lat'>634</span> <span class='ocrx_word' id='word_1_293' title='bbox 864 4165 933 4236; x_wconf 89' lang='lat' dir='ltr'>(cap.</span> <span class='ocrx_word' id='word_1_294' title='bbox 955 4169 993 4232; x_wconf 88' lang='lat'>3).</span> <span class='ocrx_word' id='word_1_295' title='bbox 1036 4164 1090 4216; x_wconf 78' lang='lat' dir='ltr'>vv,</span> <span class='ocrx_word' id='word_1_296' title='bbox 1106 4160 1154 4219; x_wconf 77' lang='lat' dir='ltr'>l&#39;l&#39;.</span> <span class='ocrx_word' id='word_1_297' title='bbox 1175 4159 1263 4214; x_wconf 82' lang='lat' dir='ltr'>llosw.</span> 
     </span>
     <span class='ocr_line' id='line_1_36' title="bbox 243 4255 522 4322; baseline 0.014 -14"><span class='ocrx_word' id='word_1_298' title='bbox 243 4269 267 4318; x_wconf 86' lang='lat' dir='ltr'>p·</span> <span class='ocrx_word' id='word_1_299' title='bbox 289 4255 336 4318; x_wconf 81' lang='lat'>36,</span> <span class='ocrx_word' id='word_1_300' title='bbox 358 4257 374 4308; x_wconf 82' lang='lat'><strong>2</strong></span> <span class='ocrx_word' id='word_1_301' title='bbox 395 4258 462 4322; x_wconf 91' lang='lat' dir='ltr'>(cap.</span> <span class='ocrx_word' id='word_1_302' title='bbox 484 4256 522 4318; x_wconf 81' lang='grc'>3.).</span> 
     </span>
    </p>

    <p class='ocr_par' dir='ltr' id='par_1_8' title="bbox 192 4341 1082 4410">
     <span class='ocr_line' id='line_1_37' title="bbox 192 4341 1082 4410; baseline 0.001 -17"><span class='ocrx_word' id='word_1_303' title='bbox 192 4342 222 4408; x_wconf 83' lang='grc'>5)</span> <span class='ocrx_word' id='word_1_304' title='bbox 244 4343 301 4394; x_wconf 84' lang='lat' dir='ltr'>Vita</span> <span class='ocrx_word' id='word_1_305' title='bbox 323 4343 349 4394; x_wconf 85' lang='lat' dir='ltr'>S.</span> <span class='ocrx_word' id='word_1_306' title='bbox 372 4343 499 4396; x_wconf 85' lang='lat' dir='ltr'>Pachumii</span> <span class='ocrx_word' id='word_1_307' title='bbox 520 4359 578 4410; x_wconf 89' lang='lat' dir='ltr'>cap.</span> <span class='ocrx_word' id='word_1_308' title='bbox 604 4347 627 4398; x_wconf 83' lang='lat'>1.</span> <span class='ocrx_word' id='word_1_309' title='bbox 669 4345 723 4402; x_wconf 81' lang='lat' dir='ltr'>VV.</span> <span class='ocrx_word' id='word_1_310' title='bbox 744 4345 793 4402; x_wconf 84' lang='lat' dir='ltr'>l&#39;P.</span> <span class='ocrx_word' id='word_1_311' title='bbox 812 4345 901 4400; x_wconf 79' lang='lat' dir='ltr'>llosw.</span> <span class='ocrx_word' id='word_1_312' title='bbox 921 4357 946 4409; x_wconf 91' lang='lat' dir='ltr'>p.</span> <span class='ocrx_word' id='word_1_313' title='bbox 971 4341 1033 4406; x_wconf 78' lang='lat'>113.</span> <span class='ocrx_word' id='word_1_314' title='bbox 1055 4345 1082 4396; x_wconf 81' lang='lat'>2.</span> 
     </span>
    </p>
   </div>
   <div class='ocr_carea' id='block_1_4' title="bbox 0 0 1500 4986">
    <p class='ocr_par' dir='ltr' id='par_1_9' title="bbox 0 0 1500 4986">
     <span class='ocr_line' id='line_1_38' title="bbox 0 0 1500 4986; baseline 0 4"><span class='ocrx_word' id='word_1_315' title='bbox 0 0 1500 4986; x_wconf 95' lang='lat' dir='ltr'> </span> 
     </span>
    </p>
   </div>
  </div>
 </body>
</html>
