2990 4986
586 365 828 438 ...63-

161 573 228 636 ham
249 581 280 636 et
300 573 378 635 siout
401 579 573 633 mutusnon
596 567 733 647 aperiens
755 584 790 630 os
812 583 908 644 suum,
931 549 963 628 el
983 563 1081 629 iactus
1094 583 1160 629 sum
1183 567 1262 630 sirmi

161 685 251 746 homo
282 663 343 744 non
370 679 496 744 audiens
525 687 557 742 et
584 695 646 740 non
677 677 791 739 hahens
812 675 844 738 in
866 693 922 738 ore
941 692 997 739 suo
1019 675 1260 758 redargutiones.

160 793 249 870 Quod
277 798 362 855 certe
391 790 428 854 ad
461 787 710 851 commonendum
745 805 866 850 sensum
900 794 1037 849 nostrum
1064 787 1196 866 quotidie
1231 788 1262 850 in

161 905 270 988 synaxi
291 903 438 984 psallitur.
483 900 561 962 Cave
584 900 684 978 etiarn,
706 916 745 959 ne
765 915 842 960 vana
865 897 962 980 gloria
994 897 1141 978 laudeque
1162 898 1263 960 horni-

161 1036 234 1080 num
265 1013 436 1090 delecteris,
471 1021 501 1075 et
529 1009 638 1090 perdas
675 1008 783 1084 omnia,
816 1025 894 1088 quae
922 1008 1085 1072 laborando
1115 1009 1145 1070 in
1175 1011 1262 1074 honis

162 1126 306 1206 operibus
336 1121 528 1202 acquisieris,
557 1119 734 1198 fructusque
763 1119 867 1180 ieiunii
897 1125 927 1180 et
959 1119 1155 1184 abstinentiae
1193 1127 1263 1182 tuae

162 1237 393 1320 vigiliarumque
426 1241 455 1295 et
485 1232 654 1294 orationum
686 1229 857 1292 mercedem
887 1229 918 1290 in
950 1236 1073 1291 aeterna
1106 1231 1168 1292 vita
1202 1249 1263 1294 non

161 1347 356 1427 consequaris
378 1363 394 1405 a
412 1342 551 1421 Domino,
573 1341 642 1422 quia
663 1339 730 1420 ipse
749 1339 824 1402 dixit
845 1339 877 1400 in
897 1339 1063 1420 Evangelio
1084 1339 1123 1402 de
1144 1339 1191 1420 iis,
1213 1341 1264 1421 qui

159 1458 264 1521 laudes
286 1457 439 1519 hominurn
460 1461 626 1533 quaeruut:
648 1451 746 1514 Arnen
767 1451 835 1513 dico
857 1449 958 1542 vohis,
994 1450 1062 1529 quia
1083 1461 1265 1532 receperunt

161 1567 331 1632 mercedem
352 1583 446 1630 suam.
490 1564 530 1627 Et
557 1563 614 1626 alia
643 1562 734 1626 multa
756 1571 835 1641 sunt,
862 1579 939 1642 quae
968 1559 1006 1621 de
1034 1563 1166 1626 carenda
1188 1581 1264 1625 vana

162 1681 259 1765 gloria
280 1686 400 1741 sanctae
422 1676 592 1756 scripturae
622 1673 785 1736 admonere
812 1689 873 1736 non
903 1680 1031 1735 cessant.
1076 1671 1156 1735 Cave
1177 1691 1263 1756 ergo,

162 1811 181 1854 o
211 1790 263 1870 lili,
293 1803 324 1856 et
353 1809 454 1872 neque
479 1790 516 1852 ad
544 1790 697 1871 irrogatas
719 1788 843 1850 iniurias
865 1787 1042 1850 exardescat
1063 1787 1093 1848 in
1109 1787 1264 1852 iracundia

162 1903 278 1966 animus
310 1911 400 1980 tuus,
432 1909 464 1962 et
493 1901 519 1964 si
545 1901 700 1962 incitatum
735 1897 826 1962 fuerit
859 1915 914 1962 cor
942 1908 1037 1976 tuum,
1070 1899 1134 1978 ipse
1166 1909 1265 1964 tamen

163 2014 301 2078 districte
322 2015 354 2074 in
374 2013 483 2074 timore
503 2011 622 2073 Domini
642 2010 763 2074 refrena
787 2012 823 2074 ah
844 2009 999 2074 iracundia
1020 2008 1148 2070 animum
1170 2017 1264 2091 tuum,

163 2131 197 2186 ut
219 2124 482 2202 possis.virtutem
504 2121 678 2184 humilitatis
699 2140 734 2184 ac
756 2123 917 2202 patientiae
939 2119 1112 2196 custodire;
1142 2131 1173 2186 et
1194 2131 1265 2187 luno

162 2235 314 2298 veraciter
336 2236 482 2315 ostendis,
505 2235 585 2316 quod
606 2235 770 2316 promisisti
788 2234 909 2312 dicens,
931 2236 999 2314 quia
1022 2246 1160 2315 tanquam
1182 2249 1265 2295 mor-

163 2355 233 2409 tuus
248 2345 340 2426 degas
362 2347 393 2408 in
415 2347 474 2409 hoc
495 2345 617 2424 mundo,
640 2347 667 2410 si
688 2343 761 2408 nihil
783 2344 988 2408 turbulentum
1010 2345 1195 2432 respondeas
1217 2346 1266 2424 iis,

164 2457 215 2536 qui
236 2455 290 2519 tibi
312 2456 435 2520 iniurias
456 2457 605 2538 irrogant,
628 2457 706 2521 sieut·
727 2471 785 2518 nec
807 2455 849 2517 illi
864 2455 902 2516 de
923 2457 1124 2518 monumentis
1146 2456 1268 2534 mortui,

163 2568 195 2630 in
217 2585 294 2646 quos
309 2567 416 2629 multas
437 2567 564 2630 iniurias
587 2577 618 2629 et
640 2567 777 2629 convicia
800 2567 911 2643 dixisti,
933 2573 963 2627 et
985 2565 1057 2626 nihil
1077 2566 1132 2627 tihi
1149 2566 1267 2645 penitus

164 2675 397 2754 responderunt.
442 2676 574 2754 ideoque
596 2683 726 2754 oportet,
747 2683 782 2736 ut
802 2674 922 2736 fortiter
943 2675 1148 2736 custodiamus
1169 2675 1269 2736 virtu·-

164 2793 227 2848 tem
250 2785 424 2846 humilitatis
445 2803 481 2846 ao
502 2783 685 2864 patientiae,
702 2791 849 2864 quatenus
882 2784 1029 2863 possimus
1060 2783 1098 2846 ad
1129 2783 1270 2848 caelestia

164 2895 298 2974 praemia
321 2904 351 2958 et
372 2894 409 2956 ad
431 2903 573 2958 aeternae
595 2895 675 2958 uitae
698 2895 825 2976 gloriam
847 2895 1017 2974 pervenire,
1047 2895 1125 2958 sieut
1146 2895 1218 2958 dicit
1239 2895 1270 2958 in

166 3005 337 3088 apocalypsi
356 3004 518 3068 Dominus:
541 3005 634 3084 Tene,
656 3005 736 3088 quod
749 3003 851 3084 habes,
873 3021 913 3067 ne
934 3005 1010 3067 alius
1032 3003 1156 3086 accipiat
1177 3025 1270 3070 eoro-

165 3135 234 3179 nam
256 3116 369 3178 tuam.“

254 3226 335 3286 Haec
358 3225 449 3306 longa
471 3225 508 3286 ad
530 3225 652 3288 fratrem
676 3225 837 3289 admonitio
868 3243 936 3288 curn
965 3227 1087 3309 iugenio
1116 3238 1146 3292 et
1170 3227 1271 3290 indole

167 3335 354 3398 homiliarum
387 3335 509 3398 illacarii
530 3336 674 3418 Aegyptii
703 3343 761 3398 tam
784 3337 910 3418 egregie
933 3339 1074 3415 concinit,
1102 3346 1135 3400 ut
1158 3357 1223 3400 eam
1252 3356 1270 3399 c

168 3446 298 3510 homiliis
328 3447 514 3526 compilatam
542 3456 572 3510 et
599 3446 743 3508 historiae
771 3446 814 3508 illi
844 3447 882 3508 de
909 3445 1004 3511 fratre
1035 3449 1120 3512 iussu
1149 3448 1271 3512 ldacarii

169 3557 330 3636 sepulchra
352 3559 483 3622 adeunte
503 3557 631 3620 additam
654 3575 734 3634 esse,
756 3557 835 3620 haud
858 3575 951 3638 aegre
969 3559 1143 3627 credideris.
1188 3563 1271 3636 Quae

169 3667 305 3746 historia,
327 3669 447 3732 omissis
470 3669 533 3732 ista
553 3669 764 3736 exhortatione
786 3678 817 3731 et
842 3669 1000 3749 doctrinis,
1021 3675 1051 3732 in
1071 3671 1271 3754 Apophtheg-

170 3779 258 3840 matis
277 3775 308 3860 ¹)
331 3789 413 3844 extat.
433 3779 479 3842 his
502 3777 567 3840 fere
588 3779 707 3842 verbis:
740 3779 864 3857 „Frater
885 3781 1026 3844 convenit
1047 3783 1183 3846 abbatem
1204 3783 1271 3846 hia·-

171 3889 286 3952 carium
297 3888 490 3972 Aegyptium,
503 3891 568 3952 cui:
590 3889 688 3969 Abba,
709 3891 818 3971 inquit,
830 3891 923 3954 ellare
940 3893 1011 3955 mihi
1027 3895 1168 3967 verbum;
1191 3909 1271 3972 quo-

171 4016 240 4060 nam
271 4000 360 4062 modo
389 4001 489 4064 salvus
518 4001 595 4062 ero?
627 4001 680 4063 Ait
709 4019 819 4064 senen:
849 4002 934 4064 Vade
962 4003 992 4064 in
1020 4003 1211 4083 sepulchrum
1241 4013 1271 4069 et

172 4110 339 4174 maledictis
353 4120 489 4175 mortuos
504 4111 623 4191 impete.
644 4105 759 4174 Abiens
780 4111 874 4194 igitur
895 4111 989 4175 frater
1003 4129 1057 4176 eos
1073 4113 1222 4178 conviciis¹
1241 4125 1280 4180 et·

203 4339 233 4404 1>
253 4335 365 4388 Cotcler.
388 4337 455 4388 hlon.
479 4335 548 4388 Eccl.
573 4333 661 4392 Graec.
683 4335 709 4393 T.
732 4339 742 4386 1
764 4351 788 4402 p.
810 4335 866 4388 538
886 4337 912 4400 S.
933 4338 1029 4392 xxiii.
