2990 4986
581 375 826 446 ..29-

151 575 283 638 tudinem
315 576 444 638 esseio
475 583 580 655 aperto
604 583 661 640 est.
705 571 781 648 Quid
803 570 923 656 igitur?
967 574 1045 637 Num
1069 577 1252 654 prooemium

150 685 241 764 istud,
271 705 308 748 an
337 687 388 750 illa
416 685 562 768 praelatio
592 685 640 748 vel
673 682 809 748 Paradisi
832 686 881 750 vel
916 686 985 749 libri
1013 687 1139 749 secundi
1170 689 1254 768 prius

150 798 270 861 extitit?

236 910 319 983 Quae
347 926 409 987 res,
438 908 497 970 nisi
525 906 604 968 iortc
635 905 790 969 codicibus
817 906 975 987 aliquando
1004 906 1193 986 decernatur,
1215 907 1253 970 ad

149 1019 295 1098 liquidum
319 1019 372 1081 vix
394 1018 585 1098 perducetur.
630 1015 661 1080 Si
693 1034 769 1078 vero
798 1017 983 1100 coniecturis
1005 1017 1050 1078 uti
1070 1017 1156 1094 licet,
1178 1035 1254 1096 pro·-

64 1209 68 1216 .
151 1130 283 1192 oemium
306 1138 404 1192 aetate
432 1129 515 1208 prius
538 1146 607 1192 csse
629 1127 752 1190 dixeris.
798 1127 856 1190 llix
889 1129 968 1190 enirn
999 1128 1156 1208 quisquam
1184 1127 1253 1189 loco

148 1241 332 1302 verborum:
365 1241 495 1319 „librum
518 1241 550 1302 in
578 1241 703 1321 gratiam
725 1239 941 1302 monachorum
962 1241 993 1300 in
1022 1247 1124 1300 monte
1144 1237 1254 1301 Oliveti

148 1351 397 1414 commanentium
419 1353 565 1432 scriptum
588 1354 679 1418 csse“
703 1351 920 1413 dedicationem
943 1349 979 1411 ad
1000 1350 1130 1411 Lausum
1151 1357 1254 1428 ponet,

147 1472 198 1526 aot
218 1461 327 1524 librum
350 1462 388 1524 de
410 1462 586 1524 mulieribus
608 1479 730 1542 quoque
751 1469 943 1523 narraturum
965 1477 1034 1522 csse
1055 1458 1131 1522 falso
1153 1459 1252 1537 addet,

147 1573 216 1651 nisi,
245 1582 278 1636 ut
309 1573 353 1634 sic
383 1590 461 1634 nova
495 1571 642 1652 praefatio
675 1573 811 1652 prodeat,
844 1589 903 1651 qua
935 1571 984 1632 alii
1017 1571 1143 1650 cuipiam
1173 1569 1252 1632 libro

147 1682 309 1764 praelator.
357 1683 418 1746 lam
441 1702 518 1746 vero
535 1685 610 1748 Hist.
623 1685 766 1746 Lausiaca
789 1684 953 1766 genuinum
975 1682 1171 1762 prooemium,
1192 1697 1252 1760 quo

147 1795 224 1857 liber
246 1796 345 1858 Lauso
369 1795 534 1870 dedicatur,
566 1796 665 1859 habet.
710 1797 810 1870 Quare
839 1813 939 1872 nemo,
968 1804 1001 1858 ut
1029 1794 1156 1856 alterum
1183 1809 1252 1853 cum

148 1904 244 1967 altera
267 1906 304 1968 ad
325 1906 456 1968 Lausum
486 1904 856 1996 dedicatioucicbricaret
883 1913 914 1968 et
944 1905 1082 1982 adderet,
1115 1903 1254 1983 compelli

148 2015 254 2094 potuit.
298 2015 406 2095 Neque
427 2015 503 2078 alius
524 2016 620 2094 liber,
650 2016 699 2077 coi
726 2015 795 2077 libri
816 2016 940 2079 secundi
962 2013 1107 2095 praefatio
1128 2016 1172 2077 sio
1194 2014 1252 2076 de-

147 2133 270 2205 pravata
306 2127 433 2210 praefigi
468 2129 616 2208 potuerit,
654 2129 859 2210 cognoscitur.
915 2127 1000 2189 Unde
1036 2125 1251 2206 praefationem

144 2237 232 2299 istam
254 2237 296 2299 Hli
317 2240 472 2318 prooemio
495 2247 594 2302 aetate
620 2241 754 2320 priorem
776 2257 846 2302 esse
875 2257 980 2319 parum
1006 2238 1169 2301 verisimile
1194 2247 1249 2300 est.

230 2349 421 2428 Quapropter
442 2349 516 2412 haec
539 2351 739 2418 coniecerim.
764 2351 837 2413 Cum
861 2351 952 2414 multa
962 2349 1142 2432 significent,
1151 2349 1249 2412 Lauso

144 2459 314 2522 dedicatum
337 2469 368 2523 et
388 2459 553 2524 Heraclidis
576 2461 685 2524 librum
715 2460 865 2543 inisse¹],
888 2462 977 2541 quid,
1008 2462 1034 2523 si
1062 2462 1249 2540 prooemium

144 2570 235 2647 istud,
272 2569 354 2648 quod
386 2570 423 2630 ad
451 2569 635 2632 Lausiacam
657 2587 718 2630 non
745 2572 900 2648 pertinere
929 2587 1021 2649 supra
1055 2570 1249 2647 ostendimus,

145 2696 255 2758 reapse
276 2679 346 2740 libri
367 2677 755 2756 Heraclidisprooemium,
786 2679 952 2740 Heraclidis
985 2697 1059 2740 vero
1089 2679 1171 2741 illurn
1193 2681 1250 2742 lra-

144 2788 276 2852 bendum
305 2807 374 2852 esse
403 2787 513 2850 librum
543 2789 695 2869 dicamus,
730 2806 790 2870 quo
819 2789 896 2852 liber
925 2790 1076 2852 secundus
1105 2799 1136 2852 et
1172 2789 1247 2853 Hist.

144 2901 289 2964 Lausiaca
311 2901 504 2964 innituntur?

144 3041 398 3054 man——

175 3101 202 3166 1)
225 3099 386 3150 Heraclidem
416 3098 509 3150 librum
542 3099 575 3152 de
605 3102 667 3152 vitis
696 3110 795 3168 patrum
824 3102 909 3154 Lauso
939 3101 1082 3170 dedicatum
1109 3103 1245 3168 scripsisse

222 3204 278 3240 cum
288 3187 424 3238 codicibus
437 3189 578 3252 Vaticanis,
601 3206 665 3258 quos
687 3207 764 3257 supra
785 3193 968 3252 recensuimus,
989 3199 1040 3240 tum
1061 3205 1092 3240 co
1113 3189 1246 3256 probatur,

224 3276 294 3344 quod
314 3279 340 3327 in
361 3277 411 3326 fine
433 3285 459 3328 et
479 3277 539 3328 libri
560 3297 575 3330 a
595 3279 736 3331 Roswcido
758 3281 806 3330 sub
828 3279 973 3332 Heraclidis
999 3280 1100 3329 nomine
1128 3279 1190 3329 editi
1220 3287 1246 3328 et

226 3363 355 3415 Historiae
375 3365 516 3416 Lausiacae
542 3385 556 3418 a
577 3369 690 3420 lleursio
717 3369 802 3420 editae
829 3371 946 3439 epilepsis
971 3370 1005 3419 ad
1024 3365 1140 3418 Lausum
1165 3374 1245 3428 extat,

225 3455 278 3522 qui,
306 3453 441 3506 codicibus
462 3455 707 3508 vindobonenstbus
729 3458 848 3520 testibus,
880 3458 912 3509 ad
939 3451 1070 3508 historiam
1098 3456 1245 3506 Lauriacum

223 3558 275 3592 non
288 3545 407 3608 pertinet.
430 3543 463 3594 ci.
475 3543 679 3610 Descriptionem
690 3546 755 3602 Hist.
764 3546 905 3598 Lausiacae
917 3545 993 3601 codd.
1004 3545 1080 3596 Vind.
1097 3546 1123 3596 in
1137 3545 1245 3611 Appen·

224 3630 289 3687 dice.
310 3631 349 3682 De
370 3631 437 3682 libro
451 3647 545 3698 graeco
559 3633 592 3683 ab
613 3633 721 3684 historia
737 3635 862 3686 Lausiaca
875 3635 988 3702 diverso,
1010 3637 1053 3703 qui
1066 3635 1199 3686 Cotelerio
1220 3642 1246 3684 et

222 3721 311 3772 Cavea
342 3717 452 3771 testibus
480 3722 507 3770 in
538 3721 673 3773 codicibus
700 3739 760 3774 mss.
793 3723 841 3773 sub
870 3725 972 3775 nomine
993 3723 1135 3776 Heraclidis
1166 3731 1245 3786 catat,

223 3825 275 3862 non
303 3813 365 3863 satis
393 3818 551 3876 compertum
582 3811 715 3863 habemus.
758 3811 912 3864 Trithemius
938 3815 965 3864 in
992 3812 1059 3864 libro
1080 3813 1112 3864 de
1140 3815 1243 3878 Scriptt.

225 3899 313 3951 Ecclz
346 3899 529 3962 „Heraclidcs,
565 3901 665 3968 inquit,
698 3903 766 3952 inter
783 3901 843 3952 alin
863 3903 968 3968 scripsit
987 3903 1020 3952 ad
1031 3902 1245 3964 ,aedificationem

222 3987 361 4056 legentium
382 4003 448 4054 opus
469 3990 572 4055 insigne
585 3987 618 4040 de
638 3991 693 4041 vita
714 3999 740 4041 et
760 3993 961 4042 conversatione
981 3999 1124 4042 sanctorum
1147 3999 1245 4055 patruni

222 4076 249 4126 in
270 4093 355 4128 eremo
376 4077 417 4129 vel
437 4079 464 4128 in
485 4077 619 4129 coenobiis
639 4077 787 4146 degentium
810 4078 857 4130 sub
879 4079 985 4147 regula,
1019 4080 1060 4129 cui
1090 4077 1177 4128 titulus
1206 4088 1245 4131 est

222 4163 388 4216 Paradisus.“
411 4167 472 4228 Sed,
493 4169 534 4218 cui
555 4167 621 4218 liber
642 4167 775 4218 dedicatus
796 4170 838 4231 sit,
860 4168 1012 4218 'iritlrcmius
1032 4181 1084 4217 non
1105 4166 1183 4224 addit.
1211 4169 1245 4226 ci.

223 4251 334 4310 Goteler.
360 4255 428 4310 lion.
443 4255 503 4308 Eoo.
526 4255 614 4306 Gracc.
638 4255 666 4306 Τ.
689 4259 729 4307 lli
750 4272 775 4322 p.
797 4257 862 4309 566.
904 4255 974 4306 Garc
994 4255 1027 4306 de
1048 4256 1149 4324 Scriptt.
1174 4257 1244 4314 Eccl.

223 4357 245 4394 s.
267 4359 293 4396 v.
321 4345 484 4396 Heraclides.
526 4344 606 4396 Tritlr.
630 4345 662 4396 de
684 4343 787 4410 Scriptt.
809 4340 881 4396 liccl.
903 4359 959 4410 cap.
980 4342 1073 4402 xciii.
