2974 4964
594 309 836 384 ..33„.

258 510 366 574 Fateor
400 527 448 588 ea,
483 527 560 590 quae
589 507 722 586 Palladio
751 509 942 592 Helenopolis
971 509 1115 592 episcopo
1142 511 1213 578 iude
1252 532 1268 576 a

172 630 319 702 tempora,
342 637 402 702 quo
425 617 455 684 S.
478 617 710 701 chrysostomus
733 619 905 684 inexilium
926 621 1036 686 missus
1056 630 1115 701 est,
1136 623 1157 691 i.
1180 641 1208 692 e.
1231 624 1269 688 ab

174 751 251 800 anno
272 731 338 796 404
368 717 514 794 accidisse
535 730 673 812 dialogus
707 730 807 812 tradit,
836 731 868 796 in
896 731 1055 798 Lausiacoe
1088 734 1270 814 scriptorem

175 844 286 924 optime
309 842 429 909 cadere.
472 841 526 906 illc
547 841 627 907 euim
647 849 772 921 propter
794 860 915 907 causam
935 842 965 910 S.
982 843 1185 927 chrysostomi
1205 845 1271 908 Ro-

175 971 253 1016 mam
274 954 371 1034 petiit,
401 953 481 1016 unde
507 952 605 1016 redux
633 951 729 1016 tactus
759 953 790 1018 in
812 953 919 1018 urbem
939 951 1058 1036 Syenen
1079 955 1110 1018 in
1130 953 1271 1038 Aegypto

176 1063 451 1146 propeBlemmyes
465 1064 552 1126 sitam
572 1063 605 1124 in
624 1063 747 1126 exilium
768 1063 840 1126 abiit
850 1063 1020 1145 multosque
1041 1065 1092 1128 diu
1112 1082 1274 1146 perpessus

179 1184 229 1242 est
249 1175 369 1238 labores
386 1175 421 1250 ¹).
463 1170 564 1252 Atque
584 1171 733 1236 Palladius
755 1172 918 1238 Lausiacoe
947 1174 1078 1255 scriptor
1106 1191 1141 1240 se
1162 1175 1273 1241 Romae

181 1295 213 1352 et
225 1285 340 1368 Syenae
351 1283 444 1348 fuisso
463 1282 529 1364 ipse
546 1291 674 1348 testatur
686 1286 721 1361 ²).
744 1282 880 1360 Accedit,
903 1284 1155 1364 quodhausiacac
1176 1287 1274 1368 scrip-

180 1395 240 1462 tori
272 1395 402 1460 Joannes
431 1394 462 1458 in
495 1394 578 1476 Lyco
605 1393 764 1474 praedixit,
779 1394 900 1487 ipsum,
929 1395 956 1460 si
987 1395 1147 1476 episcopus
1179 1396 1277 1463 iactus

179 1513 269 1582 essct,
293 1504 403 1570 multos
425 1505 545 1570 labores
567 1505 809 1586 calamitatesque
830 1512 1046 1585 perpessurum
1067 1507 1182 1588 cssc⁸).
1211 1509 1277 1572 De-

179 1618 271 1698 nique
292 1617 376 1696 illud,
398 1595 479 1697 quod
493 1616 813 1680 Palladiushausiacae
834 1616 967 1697 scriptor
987 1626 1100 1697 narrat,
1122 1634 1167 1696 sc,
1189 1627 1278 1702 post·-

180 1747 268 1810 quam
291 1729 451 1810 episcopus
472 1726 569 1792 factus
590 1745 646 1808 per
667 1727 806 1790 undecim
828 1745 947 1792 manses
969 1727 1000 1790 in
1022 1727 1098 1790 cella
1118 1729 1279 1794 tenebrosa

180 1839 314 1928 latuerit,
336 1837 530 1900 recordatum
559 1853 628 1900 csse
649 1837 737 1900 verbi
765 1837 846 1900 beati
866 1835 990 1902 loannis
1010 1837 1042 1902 in
1063 1838 1193 1920 Lycot),
1221 1855 1280 1922 op-

183 1950 255 2014 time
268 1949 306 2010 de
328 1947 411 2010 exilii
433 1935 578 2026 tempore,
601 1965 661 2028 quo
673 1947 829 2029 Palladius,
843 1948 1036 2030 Helenopolis
1058 1949 1229 2031 episcopus,
1250 1949 1281 2012 in

185 2058 360 2142 Aegyptum
381 2056 526 2120 obductus
548 2066 605 2138 est,
633 2057 693 2120 dici
713 2067 822 2140 potest.
1123 2127 1126 2134 ,

269 2168 312 2232 At
334 2167 400 2248 alia,
423 2185 500 2248 quae
522 2168 560 2232 de
581 2167 712 2234 Palladio
730 2169 922 2250 Helenopolis
944 2170 1088 2252 episcopo
1109 2169 1140 2234 in
1162 2167 1283 2254 dialogo
1356 2225 1357 2228 ,

182 2279 338 2362 leguntur,
372 2298 441 2344 eum
463 2279 581 2344 scilicet
603 2281 718 2364 synodo
740 2281 791 2346 isti
813 2281 1157 2362 Constantinopolitanae
1184 2281 1284 2372 inter-

184 2389 288 2471 fuisse,
319 2391 351 2454 in
380 2391 542 2454 Lausiacoe
574 2393 755 2474 scriptorem
788 2393 897 2456 cadere
933 2400 1095 2474 nequeunt.
1153 2392 1285 2456 Primum

185 2501 266 2564 enim
287 2499 450 2582 descriptio
473 2509 654 2582 temporum,
677 2521 736 2582 qua
756 2501 805 2564 hic
828 2502 954 2578 inHist.
970 2502 1115 2568 Lausiaca
1136 2501 1201 2582 ipse
1221 2503 1286 2566 uti-

186 2621 248 2689 tur,
278 2621 382 2692 aporte
410 2617 570 2693 repugnat.
624 2609 741 2672 Deinde
773 2610 920 2674 Palladius
952 2590 1115 2676 Lausiacae
1148 2612 1288 2692 scriptor,

189 2699 282 2802 quum
317 2720 501 2784 Alexandria
528 2717 786 2800 proficisceretur,
822 2719 976 2802 hydropisi
1011 2717 1167 2787 laborabat
1178 2726 1214 2802 ⁵),
1245 2721 1288 2789 ita

190 2839 224 2894 ut
250 2849 319 2894 cum
348 2831 400 2894 vix
426 2829 581 2909 reducem,
614 2837 771 2910 postquam
796 2847 917 2916 recens
946 2832 1105 2914 episcopus
1132 2832 1287 2902 ordinatus

190 2950 247 3020 est,
270 2941 308 3004 ad
330 2958 450 3006 oausam
464 2939 609 3003 Antonini
619 2939 731 3020 Ephesi
753 2940 886 3020 episcopi
907 2939 1140 3024 disceptandam,
1161 2943 1192 3006 id
1207 2944 1288 3024 quod

190 3055 327 3136 dialogus
348 3051 450 3132 tradit,
480 3069 497 3113 a
526 3051 644 3132 synodo
671 3051 800 3114 electum
829 3067 908 3132 esse,
937 3061 988 3116 aut
1015 3053 1147 3118 instante
1176 3063 1288 3120 aestate

190 3175 251 3229 tam
272 3165 397 3247 longum
430 3163 490 3227 iter
511 3161 662 3242 Ephesum
685 3161 856 3241 suscepisse
865 3161 903 3242 ὓ,
932 3179 1034 3242 parum
1055 3165 1219 3228 uerisimile
1240 3165 1288 3229 sit.

195 3277 457 3389 ᾗῇ)
477 3316 509 3370 de
529 3317 581 3368 vite
603 3317 629 3372 S.
648 3315 689 3374 Jo.
701 3313 833 3383 chrysost
854 3331 911 3384 cap.
931 3317 958 3376 3.
978 3314 1006 3374 4.
1030 3318 1067 3375 20
1086 3319 1114 3374 in
1135 3283 1203 3374 Gall.
1223 3317 1291 3376 Bibl,

270 3407 299 3460 T.
321 3405 383 3458 vllt
403 3421 428 3472 p.
449 3405 513 3462 267.
534 3405 598 3464 268.
619 3405 683 3462 269.
704 3407 856 3465 32c.'32l.

223 3498 254 3564 2)
275 3498 341 3553 llist.
361 3496 437 3552 Laus.
458 3494 562 3562 Prolog.
586 3492 652 3562 0pp.
668 3495 768 3553 llcurs.
789 3494 807 3552 l.
826 3493 844 3550 Ι.
864 3509 889 3562 p.
909 3493 976 3550 339.

222 3586 251 3650 3)
272 3584 337 3642 lhid.
357 3600 415 3653 cap.
437 3579 475 3637 tt
494 3599 520 3650 p.
540 3580 605 3640 471.

222 3671 251 3741 4)
273 3673 341 3725 rate.
362 3673 379 3726 t.
401 3673 420 3725 1.
936 3729 942 3738 ,
1257 3731 1259 3736 ,

178 3813 180 3817 ,
222 3764 251 3828 5)
271 3761 403 3816 Palladios
429 3759 512 3812 tribus
541 3760 616 3812 anuis
644 3761 779 3828 postquam
806 3756 930 3817 Jcaunem
957 3763 992 3816 in
1004 3761 1076 3829 Lyco
1097 3764 1242 3828 inriaitsi.
1269 3775 1293 3811 e.

274 3858 387 3904 exeunte
406 3863 474 3902 anno
495 3847 551 3903 397
574 3847 622 3913 (ci.
644 3865 723 3916 snpra
742 3865 768 3916 p.
786 3851 845 3916 21),
867 3850 958 3918 splene
978 3859 1004 3904 et
1024 3841 1157 3906 stomacho'
1177 3849 1297 3904 laborare

276 3942 372 4006 coepit.
411 3939 461 4003 Qui
481 3935 586 3992 morbus
598 3937 703 3993 deinde
722 3940 750 3992 in
769 3939 924 4006 hydropisin
944 3943 1030 4004 vertit3
1052 3939 1120 3992 unde
1139 3953 1156 3989 a
1175 3937 1296 3991 iratribus

275 4027 457 4082 Alexandriam
487 4028 581 4083 misum
611 4027 767 4084 medicorum
797 4029 908 4084 coasilio
947 4030 1015 4085 aeria
1047 4023 1191 4085 subtilioris
1216 4029 1298 4094 gratia

277 4124 389 4170 exeunte
414 4130 482 4171 auno
502 4111 569 4180 400,
597 4122 625 4171 ιιι
652 4116 761 4182 patebit,
781 4124 825 4172 aut
851 4119 959 4175 ineunte
987 4114 1040 4172 tot
1069 4114 1251 4191 llierctolymo
1271 4124 1298 4169 et

276 4205 304 4260 io
324 4203 471 4272 Bithyniam
490 4205 569 4259 venit.
611 4203 676 4264 illst.
694 4205 771 4266 tane
790 4204 812 4264 l.
835 4203 854 4264 l.
1191 4249 1194 4256 .

227 4294 259 4360 0)
280 4293 378 4352 rotat.
398 4291 467 4352 Dial.
486 4307 544 4362 cap.
570 4291 614 4348 13.
639 4289 692 4362 tt„
706 4293 725 4354 l.
744 4293 763 4348 l.
783 4309 809 4362 p.
829 4293 893 4353 298.
915 4290 981 4356 209.
1001 4292 1068 4350 300.

1065 4391 1106 4448 60
