2990 4986
494 1487 496 1492 ,
605 1405 768 1492 caput
788 1405 831 1476 1.

569 1587 872 1678 Protegomemt.

251 1901 283 1982 §.
310 1897 338 1966 i.
382 1899 416 1960 ln
439 1897 615 1960 vastissimis
628 1895 741 1978 Libyae
754 1895 893 1975 desertis,
916 1895 994 1958 haud
1018 1895 1123 1976 procul
1143 1911 1160 1958 a
1182 1894 1270 1976 paln-

168 2009 256 2071 dibus
296 2008 410 2070 Nitriae
446 2007 526 2068 nitro
565 2005 753 2083 uberrimis,
796 2013 925 2084 quatuor
968 2005 1128 2068 hodiedum
1168 2017 1271 2072 extant

167 2118 357 2180 monasteria.
397 2117 535 2190 ,Quorum
558 2115 677 2197 quidem
699 2133 803 2192 unum,
825 2114 906 2194 qnod
928 2115 999 2177 inde
1021 2117 1057 2177 ab
1078 2115 1143 2178 itali
1164 2117 1270 2198 cnjus-

166 2227 243 2305 dam,
266 2227 316 2306 qui
338 2226 462 2306 paludes
485 2227 556 2288 istas
586 2225 684 2304 pretio
708 2225 864 2302 conduxit,
894 2225 1019 2287 castello
1041 2226 1071 2286 in
1093 2223 1189 2288 Nitria
1210 2228 1268 2290 sito

164 2338 248 2400 horis
271 2337 393 2398 circiter
408 2346 476 2399 octo
496 2337 581 2398 asino
600 2345 711 2400 ,vectus
730 2331 861 2416 attingis
885 2333 921 2395 ad
944 2343 1049 2396 nostra
1070 2351 1167 2414 usque
1189 2345 1269 2399 tem-

164 2465 241 2527 pora
278 2445 509 2508 monasterirum
535 2445 644 2508 suncti
676 2442 818 2505 discordi
851 2445 1036 2525 appellatum
1070 2453 1172 2507 cetera
1200 2445 1268 2523 tria,

165 2575 295 2636 quornm
318 2558 444 2638 singulis
467 2558 522 2618 a'lia
544 2557 664 2618 uomina
685 2555 778 2618 indita
813 2564 893 2632 suni,
926 2557 957 2616 in
991 2555 1165 2616 universum
1197 2551 1270 2616 Ano

167 2661 285 2724 Macar
306 2657 487 2728 monasteria
504 2673 663 2742 vocantur,
686 2673 716 2726 et
738 2674 800 2737 tota
823 2665 910 2744 regio
922 2661 1113 2724 Masuriana
1134 2680 1268 2728 eremus.

165 2774 237 2838 Istic
253 2773 608 2852 monachipauoissimis
631 2773 701 2834 anni
724 2773 834 2836 diebus
858 2790 949 2834 carne
970 2780 1146 2850 vescuntur,
1180 2779 1268 2834 cete·

164 2903 232 2946 rnm
255 2901 331 2962 pane
354 2884 460 2945 vivunt
482 2893 512 2946 et
534 2883 673 2946 lentibus
688 2883 780 2944 bulbo
796 2892 825 2944 et
846 2881 915 2944 oleo
936 2882 1103 2962 permixtis
1125 2891 1216 2962 atque
1234 2884 1266 2946 in

164 2992 280 3056 cellulis
303 3001 485 3084 ostentum,
520 3010 596 3072 quae
617 3009 672 3072 per
694 2993 889 3056 arctissimam
912 3000 1029 3072 portam
1056 2994 1165 3071 intrat,
1197 2993 1266 3055 lnce

163 3103 334 3165 illuminatis
355 3101 496 3180 habitant,
519 3103 659 3180 precibus
681 3103 782 3164 dediti.
826 3103 925 3164 Primo
948 3121 1036 3164 mane
1058 3111 1198 3184 snrgunt,
1231 3113 1263 3166 et

164 3212 201 3275 ad
224 3213 382 3275 ecclesiam
404 3193 581 3292 properant,¹
600 3213 652 3274 ubi
675 3212 821 3276 adsistunt
842 3213 937 3274 innixi
959 3211 1084 3291 baculis,
1106 3229 1183 3292 quos
1196 3211 1263 3274 Ma-

164 3323 301 3384 cariancs
322 3321 483 3384 hodiedum
505 3323 669 3388 nominant.
692 3322 792 3402 Atque
815 3327 918 3384 senem
939 3323 980 3384 ibi
1000 3324 1176 3402 conspicere
1192 3323 1263 3386 licet

162 3441 284 3494 centum
306 3431 413 3512 viginti
446 3451 540 3495 annos
562 3441 674 3511 natum,
707 3441 874 3511 senectute,
906 3432 1017 3514 vigiliis
1039 3441 1070 3494 et
1091 3433 1262 3512 pernicioso

164 3542 220 3604 snb
243 3539 434 3606 fervescente
456 3543 521 3606 sole
542 3561 652 3604 arenae
666 3542 769 3605 colore
791 3543 949 3606 oculorum
969 3543 1081 3604 lumine
1102 3544 1262 3624 privatum,

164 3652 263 3712 animo
287 3653 402 3714 caelum
424 3661 609 3732 spectantem
632 3663 659 3717 et
683 3653 735 3723 nix
758 3671 847 3714 unam
871 3654 929 3728 diei
950 3655 1055 3716 horam
1074 3671 1178 3716 somno
1197 3654 1261 3714 lar-

164 3762 306 3841 gientem.
350 3761 470 3825 Fratres
502 3763 600 3842 nudis,
633 3763 731 3843 quoad
752 3764 834 3826 calor
856 3781 966 3826 arenae
988 3764 1141 3844 permittit,
1173 3761 1261 3841 pedi·
1314 3788 1319 3798 ·

164 3871 220 3932 bus
242 3871 395 3950 incedunt,
417 3873 574 3937 ecclesiam
596 3892 657 3936 non
679 3875 736 3938 nisi
758 3873 984 3952 nudispedibus
1002 3873 1124 3935 intrant.
1148 3870 1262 3944 Quodsi

164 3979 378 4058 Tischendorf‚
408 3983 494 4045 cuius
515 3984 687 4045 narratione
716 3983 764 4045 usi
792 3999 895 4045 sumus
909 3987 947 4062 ¹),
980 3981 1112 4044 habitum
1135 3977 1261 4043 fratrum

162 4089 283 4151 illorum
303 4093 446 4184 err-omni
466 4101 551 4172 parte
574 4093 792 4173 descripsisset,
821 4092 1061 4156 veteres'Scetis
1091 4089 1269 4154 solitudinis·

192 4298 219 4362 1)
242 4295 393 4352 Constantin
403 4300 587 4354 Tischeudorf:
601 4303 678 4356 Reise
688 4305 715 4355 in
731 4303 781 4356 den
793 4303 891 4361 Orient.
914 4301 996 4358 1846.
1018 4303 1045 4360 t.
1059 4306 1070 4356 Ι
1084 4320 1109 4371 p.
1131 4303 1184 4358 rto
1199 4317 1256 4370 sqq·

1006 4407 1018 4458 1
