2990 4986
647 339 890 413 ..48-

220 541 315 620 plicas
337 539 454 602 animos
477 539 713 621 totiusnegypu
735 539 772 600 ab
794 537 976 601 infidelitatis
995 537 1151 619 naufragio
1168 535 1326 613 liberaret,

221 649 341 712 advenit
354 654 391 728 ¹),
414 668 474 729 qno
496 661 654 730 praesente
676 651 845 715 haereticus
862 665 981 730 pravam
1005 647 1091 711 fidem
1113 665 1197 711 suam
1219 647 1326 710 itidem

227 774 367 822 asserere
389 779 480 824 ausus
502 769 549 842 est
557 764 593 838 ²).
617 761 691 822 Tum
713 759 1068 838 sanctus„dristotelicis
1089 757 1203 836 spinis“
1224 757 1327 836 impe-

220 867 349 946 ditus³),
371 871 511 948 quoniam
543 872 636 932 verba
664 871 809 950 simplicia
837 871 951 933 callidis
980 867 1164 950 argumentis
1194 867 1266 928 elidi
1294 873 1326 928 et

219 977 308 1040 iidem
329 978 457 1042 fratrum
480 980 644 1060 periclitari
662 982 782 1044 videret
794 983 832 1060 ⁴),
855 981 1040 1060 multiloquio
1063 977 1207 1040 baeretici
1230 993 1325 1056 apos·

221 1087 311 1150 tolica
343 1090 490 1154 brevitate
520 1091 609 1154 finem
637 1091 793 1170 imponens
806 1097 846 1168 *Jz
875 1092 984 1170 „Quid
1019 1093 1124 1169 inquit,
1155 1104 1231 1168 opus
1264 1093 1325 1164 eat,

219 1213 277 1262 nos
297 1200 399 1262 verbis
421 1201 605 1265 contendere
627 1202 664 1263 ad
686 1203 913 1264 subversionem
937 1199 1142 1265 audientium?
1170 1199 1325 1261 Exeamus

220 1309 257 1372 ad
278 1311 438 1389 sepulchra
459 1320 490 1375 et
512 1329 619 1374 noman
639 1311 750 1374 domini
763 1327 854 1392 super
877 1320 1037 1390 mortuum,
1060 1312 1111 1391 qui
1131 1311 1246 1390 primns
1269 1308 1322 1372 in-

219 1429 329 1484 ventus
351 1419 454 1498 fuerit,
474 1423 650 1484 invocemus
672 1432 712 1500 et,
735 1423 784 1484 cui
806 1432 942 1484 nostrum
964 1423 1151 1484 concesserit
1170 1421 1323 1498 dominuS,

203 1531 368 1606 *suscitare
389 1541 550 1611 mortuum,
574 1533 671 1595 sciant
693 1549 808 1610 omnes,
836 1535 904 1612 qula
932 1533 1011 1596 illins
1038 1533 1114 1595 fides
1137 1533 1324 1612 probatura

220 1641 307 1704 Dso“
321 1646 358 1718 ⁵).
402 1643 460 1716 Oui
489 1659 590 1704 sermo
613 1643 760 1721 omnibus,
789 1645 840 1722 qui
868 1643 1001 1721 aderant,
1029 1643 1172 1706 iratribus
1201 1641 1324 1721 placuit.

220 1751 283 1814 lam
306 1770 379 1814 vero
403 1754 535 1816 narratio
556 1753 688 1816 Cassiani
710 1753 818 1815 differt.
863 1754 955 1815 Libro
988 1755 1066 1815 anim
1097 1751 1231 1814 secundo
1254 1750 1326 1812 dla-

222 1865 322 1926 earius
344 1881 412 1924 cum
434 1863 583 1926 llieraeita
610 1865 726 1942 statim,
760 1873 792 1926 ut
820 1864 950 1942 videtur,
982 1865 1018 1925 ad
1046 1863 1205 1943 sepulchra
1228 1861 1325 1936 venit,

221 1991 350 2053 eumque
370 1973 517 2050 hortatur,
543 1983 576 2035 nr
598 1951 748 2035 mortuum
769 1974 800 2034 in
823 1975 942 2035 nomine
964 1975 1076 2035 domini
1098 1979 1216 2034 evocet.
1262 1967 1324 2032 Sed

220 2083 387 2144 llieracita:
409 2083 466 2160 Tu,
498 2083 603 2162 inquit,
626 2084 676 2162 qui
697 2084 890 2162 proposuisti,
920 2085 1004 2163 prior
1025 2101 1128 2145 avoca.
1173 2081 1327 2144 Macarius

220 2189 326 2272 igitur,
346 2192 377 2254 in
399 2191 567 2254 orationem
590 2197 658 2253 ante
671 2191 767 2254 Deum
784 2202 965 2270 prostratus,
987 2202 1144 2273 postquam
1167 2189 1328 2254 sufficien-

221 2311 269 2364 tor
291 2301 397 2377 oravit,
419 2300 543 2362 elevatis
566 2318 686 2363 sursum
708 2300 822 2362 oculis:
854 2301 990 2378 Domine,
1012 2303 1062 2380 ait,
1096 2285 1171 2380 quis
1184 2305 1327 2362 nostrum

222 2418 335 2472 rectam
357 2408 444 2470 iidem
477 2417 590 2488 teneat,
625 2410 752 2472 ostenda
782 2411 901 2473 elevato
928 2411 987 2473 boc
1014 2417 1144 2473 mortuo.
1190 2409 1224 2470 ld
1253 2425 1326 2469 cum

223 2519 358 2598 dixisset,
387 2519 488 2584 fratris
518 2519 681 2596 cuiusdam,
713 2521 764 2599 qui
801 2539 897 2600 nuper
932 2521 1067 2598 sepultus
1100 2528 1177 2595 erat,
1212 2535 1326 2580 nomen

223 2639 340 2692 evocat.
385 2631 450 2704 Quo
474 2631 511 2691 de
534 2629 647 2692 tumulo
670 2630 880 2709 respondente,
910 2631 1088 2692 accedentes
1110 2629 1221 2690 fratres
1246 2645 1327 2690 con·-

224 2738 320 2816 tinuo,
343 2757 419 2818 quae
432 2742 621 2820 superposita
643 2739 772 2818 fuerant,
795 2741 943 2819 auferunt,
966 2749 996 2803 et
1015 2742 1157 2804 eductum
1179 2758 1197 2800 e
1219 2740 1328 2818 sepul-

226 2843 301 2904 cbro
322 2846 423 2906 vivum
445 2849 596 2912 exhibent.
621 2849 770 2910 Hieracita
792 2867 878 2926 vero,
900 2851 952 2911 ubi
973 2849 1047 2912 haec
1069 2845 1153 2924 vidit,
1176 2845 1328 2927 obstupe-

227 2949 323 3016 factus
345 2954 376 3016 in
398 2953 498 3036 fugam
520 2959 647 3021 uertitur
676 2967 750 3020 eta
777 2957 921 3021 fratribus
950 2961 1067 3024 cunctis
1096 2959 1329 3039 insequentibus

227 3073 313 3126 extra
328 3065 469 3127 terminos
481 3075 581 3130 terrae
596 3067 674 3128 illius
689 3069 874 3130 exturbatur.
897 3069 986 3149 Apud
1000 3071 1173 3133 Cassianum
1186 3086 1263 3130 vero
1276 3085 1329 3130 res

228 3174 314 3236 aliter
335 3191 368 3234 se
389 3174 484 3236 babet.
530 3175 575 3236 lbi
603 3177 681 3238 enim
711 3195 772 3238 rron
794 3180 892 3240 statim
914 3180 950 3240 ad
973 3180 1133 3259 sepulchra
1155 3177 1330 3258 procedunt

228 3283 281 3344 sed
302 3283 481 3360 haereticus,
504 3303 595 3362 quum
617 3285 666 3346 illa
693 3287 749 3348 sibi
778 3288 946 3351 allacario
970 3292 1122 3369 proposita
1144 3298 1227 3352 esset
1249 3290 1330 3352 doo-

228 3393 324 3456 trinae
345 3393 491 3471 probatio,
525 3412 625 3456 coram
653 3397 865 3462 circumstante
894 3401 981 3478 plebe
1003 3401 1119 3478 pudore
1142 3402 1331 3462 constrictus

229 3502 368 3564 assentiri
397 3520 430 3563 se
459 3503 589 3580 simulat,
618 3523 710 3586 seque
739 3511 870 3570 crastino
893 3510 940 3571 die
970 3509 1142 3572 adfuturum
1169 3512 1330 3588 promittit.

142 3673 145 3682 ,
229 3610 376 3675 Postridie
402 3620 500 3673 autem
529 3617 754 3692 expectantibus
776 3619 924 3695 omnibus,
946 3621 997 3697 qui
1020 3605 1183 3698 spectaculi
1206 3619 1332 3700 cupidi-

259 3846 285 3906 1)
306 3839 378 3893 Cass.

258 3929 287 3994 2)
308 3929 363 3985 Lib.
385 3943 437 3984 sec.

256 4015 284 4082 3)
307 4013 379 4066 Cass.

258 4099 287 4166 4)
308 4099 364 4156 Lib.
385 4116 437 4151 sec.

258 4191 288 4256 5)
310 4186 380 4242 Cass.

258 4273 287 4336 6)
308 4271 364 4325 Lib.
387 4289 439 4330 sec.
