2990 4986
569 397 813 469 ...15-

144 595 265 660 nuitatis
286 603 388 660 notam
409 594 480 657 huic
501 593 615 657 inedito
630 593 725 656 textui
747 592 878 673 vindico,
900 611 967 657 cum
992 604 1116 675 propter
1131 612 1242 659 nexum

143 724 257 787 rerum,
279 725 296 768 a
318 724 376 786 qua
397 713 483 785 parte
505 703 577 766 nihil
598 703 799 782 desideratur,
826 713 889 768 tum
922 714 1046 785 propter
1067 705 1242 786 simplicita-

144 825 205 880 tem
228 817 368 880 dictionis
390 821 422 876 ct
450 795 631 895 praeclaram
660 814 754 877 totius
782 813 852 878 libri
879 815 1112 896 dispositionem.
1156 817 1244 882 Edita

144 927 327 1006 exemplaria
353 923 499 987 historiae
519 924 680 986 Lausiacae
708 925 825 988 sicum
854 933 939 988 tantu
971 927 1078 990 horum
1107 926 1243 990 codicum

147 1036 286 1116 confers,
319 1037 397 1098 mire
428 1033 604 1114 interpolata
638 1043 669 1098 et
704 1034 881 1116 babylonica
914 1036 1040 1116 quadam
1068 1035 1244 1100 confusione

145 1145 253 1210 affecta
282 1151 441 1226 apparent,
470 1143 511 1208 ita
539 1153 588 1222 ut,
617 1161 693 1224 quae
722 1144 754 1206 in
783 1145 883 1209 medio
906 1145 983 1209 libro
1012 1146 1140 1228 legenda
1162 1153 1242 1224 sunt,

145 1255 287 1338 legantur
307 1255 338 1316 iu
360 1253 428 1330 fine,
458 1261 499 1332 et,
522 1271 601 1333 quae
623 1253 770 1316 adfinem
792 1255 959 1334 pertinent,
988 1255 1117 1320 medium
1146 1255 1246 1318 locum

145 1375 293 1445 occupent
313 1361 355 1448 ¹).
399 1365 500 1439 Quare
526 1365 654 1443 primum
688 1365 820 1445 genuino
849 1365 994 1430 historiae
1014 1367 1179 1430 Lausiacae
1208 1363 1246 1429 de

142 1476 281 1540 Macariis
303 1482 404 1554 textu,
435 1493 525 1554 quem
559 1492 598 1537 ex
631 1473 786 1538 codicibus
809 1475 973 1556 descripsi,
1007 1475 1085 1540 inira
1108 1484 1245 1548 utemur;

144 1586 253 1650 deiude
286 1585 366 1648 edita
400 1585 582 1664 exemplaria
612 1585 859 1664 comparabimus.
914 1585 1081 1650 varietates
1114 1585 1182 1648 illae
1215 1585 1247 1646 in

143 1696 365 1776 exemplaribus
386 1694 457 1758 inde
480 1704 566 1759 natae
589 1705 658 1758 ess'e
678 1695 830 1774 videntur,
853 1695 933 1774 quod
955 1714 994 1758 err
1027 1697 1092 1759 aliis
1113 1695 1152 1758 de
1184 1694 1246 1758 vita

143 1814 261 1886 patrum
282 1805 402 1885 scriptis
425 1804 514 1868 modo
536 1804 632 1884 plura,
653 1803 744 1892 modo
766 1803 910 1884 pauciora
935 1805 966 1867 in
987 1805 1142 1868 historiam
1162 1805 1248 1868 Lau-

145 1917 256 1979 siacam
278 1916 421 1980 translata
442 1923 533 1996 atque
554 1915 683 1994 antiquis
717 1915 775 1978 iarn
798 1915 983 1994 temporibus
1005 1933 1073 1976 cum
1103 1933 1138 1978 ea
1159 1932 1247 1978 oom-

143 2024 238 2086 mixta
261 2025 329 2087 sint.
372 2024 398 2086 E
421 2041 481 2102 quc
502 2040 629 2087 numero
651 2024 812 2103 praecipua
833 2023 916 2085 illum
936 2025 1102 2086 Heraclidis
1124 2025 1247 2104 paradi-

144 2153 211 2199 sum
234 2133 327 2197 iuisse
350 2134 499 2212 existimo,
522 2133 573 2214 qui
587 2132 741 2196 dedicatus
756 2133 849 2196 nisse
864 2134 984 2198 videtur
995 2133 1027 2217 ²]
1041 2135 1138 2198 eidem
1147 2135 1246 2198 Lauso

143 2244 326 2324 praeposito,
356 2244 404 2306 cui
425 2241 573 2306 Palladius
602 2243 756 2306 historiam
778 2241 952 2305 lausiacam
985 2245 1146 2325 inscripsit.
1197 2243 1247 2310 Sic

144 2373 183 2416 en
222 2353 385 2434 prooemiis
427 2354 544 2416 duobus
576 2353 720 2416 historiae
752 2353 934 2431 Lausiacae,
965 2373 1042 2435 quae
1072 2357 1247 2430 ,lleunsiana

144 2462 236 2524 editio
258 2462 356 2541 alieri,
378 2463 475 2542 prius,
498 2463 610 2543 quoda
630 2463 749 2526 uerbis:
771 2459 819 2526 Ἐν
839 2461 936 2547 ταύτῃ
953 2465 989 2548 τῇ
1003 2463 1155 2546 βιβλφῆκ.
1175 2489 1202 2528 τ.
1218 2469 1246 2528 λ.

146 2573 250 2652 incipit
266 2571 308 2656 ³),
331 2573 471 2652 equidem
492 2572 643 2636 Heraclidi
664 2571 831 2634 tribuerim.
875 2573 950 2634 Nam
963 2573 1126 2636 Palladium
1148 2574 1248 2637 ambas

146 2681 347 2744 dedicatorias
370 2680 521 2758 epistolas,
543 2697 620 2758 quae
642 2680 683 2740 ibi
703 2680 859 2760 leguntur,
881 2681 966 2759 operi
988 2669 1043 2744 suo
1059 2683 1245 2764 praefinisse,

146 2793 200 2854 vix
230 2787 412 2862 credideris;
442 2787 692 2850 vindobonenses
727 2805 802 2852 vero
833 2789 964 2869 codices,
992 2792 1094 2870 priore
1127 2793 1247 2874 omissa,

142 2899 245 2964 statim
267 2898 303 2960 ab
326 2899 430 2974 altera,
450 2915 530 2976 ¹quae
551 2897 669 2976 incipit:
693 2895 874 2978 Μακαριζω
897 2923 924 2958 κ.
949 2923 975 2962 τ.
1001 2903 1027 2960 λ.
1040 2898 1085 2984 ⁴),
1119 2903 1247 2966 ordiun-

143 3019 204 3074 tur.
249 3009 408 3070 Praeterea
431 3005 509 3069 edita
531 3007 673 3071 historiae
690 3007 853 3074 lausiacae
874 3010 1056 3090 exemplaria
1077 3012 1156 3074 haud
1178 3014 1248 3076 exi-

143 3135 205 3200 gua
225 3126 408 3195 receperunt
430 3117 614 3180 incrementa
636 3135 654 3179 e
676 3135 788 3198 graeco
811 3128 841 3182 et
862 3118 955 3184 latino
978 3129 1064 3184 textu
1090 3121 1160 3184 libri
1182 3123 1245 3186 VV.

143 3229 211 3306 1³1³,
234 3227 285 3306 qui
307 3227 338 3287 in
361 3225 540 3290 collectione
550 3225 705 3290 llosweidi
726 3228 833 3291 ordine
851 3231 1001 3294 secundus
1023 3228 1125 3315 θεν).
1148 3232 1248 3314 Atque

143 3340 244 3418 ipsum
266 3338 346 3398 hunc
368 3336 492 3414 librum,
523 3345 556 3400 ut
585 3356 656 3400 mox
684 3339 1014 3431 videbimusllufinus
1042 3361 1059 3406 e
1081 3361 1194 3426 graeco
1216 3345 1247 3406 in
1285 3345 1305 3369 ³

149 3473 400 3488 —a—a—-u-d-u·

224 3554 265 3598 ter
285 3545 436 3599 chartaceus
467 3555 508 3598 eat
540 3544 604 3604 Cod.
634 3561 681 3605 ms.
712 3551 770 3606 hiat.
791 3565 876 3618 grace.
896 3551 939 3604 Nn.
962 3552 989 3614 9,
1017 3553 1079 3606 olim·
1104 3552 1152 3618 42,
1177 3557 1246 3618 auti-

223 3649 307 3702 quus,
349 3633 395 3690 iol.
424 3635 538 3697 maiore,
577 3651 629 3702 quo
657 3636 782 3690 Lausiaca
816 3641 962 3692 continetur
991 3641 1037 3694 iol.
1071 3643 1246 3702 roc-230.

223 3721 257 3776 cf.
278 3717 429 3777 Commenta.
448 3721 584 3774 Lambecii
605 3723 720 3782 Vindob.
744 3725 826 3783 1782.
847 3727 874 3784 Τ.
895 3731 961 3781 vlit
981 3745 1008 3796 p.
1031 3731 1096 3788 663.
1116 3729 1189 3797 840;
1210 3733 1243 3784 de

220 3809 313 3862 Nessel
335 3807 415 3866 Catal.
436 3814 465 3862 Ρ.
486 3813 513 3862 V
533 3827 558 3878 p.
582 3809 644 3870 143.
664 3814 710 3870 32.

171 3901 200 3962 1)
221 3895 358 3961 Ordinem,
394 3915 447 3967 quo
474 3913 516 3952 res
546 3901 672 3955 intentu
697 3902 815 3957 codicum
847 3913 999 3970 narrantur,
1026 3907 1101 3975 legis
1128 3909 1156 3958 in
1185 3909 1244 3975 Ap-

222 3987 342 4052 pendice.

172 4076 202 4136 2)
223 4074 263 4126 Da
283 4076 332 4128 hac
351 4091 380 4128 re
400 4077 467 4129 inira
488 4076 640 4134 videbimus.

168 4161 201 4222 3)
223 4161 289 4229 Opp.
309 4164 404 4220 lleurs.
424 4163 441 4221 l.
462 4164 479 4220 l.
500 4179 526 4232 p.
548 4166 613 4222 333.

171 4246 202 4316 4)
224 4250 292 4307 lbid.
313 4267 338 4318 p.
358 4252 424 4308 337.

172 4337 202 4401 5)
221 4341 284 4397 vv.
304 4343 357 4392 1³1³.
378 4340 467 4392 Rosw.
490 4356 515 4407 p.
535 4337 697 4400 cla-las.
