2990 4986
541 367 785 442 ..13..

123 588 190 644 veto
213 577 380 656 interprete
390 572 456 636 XLI
473 572 569 651 capita
581 569 787 648 complectitur
804 572 837 644 ¹).
882 565 997 643 Altera,
1020 567 1219 645 quaepariter

122 711 155 756 ae
177 701 296 756 ceterae
320 686 398 768 apud
419 683 612 768 Rosweidurn
634 682 757 762 legitur,
779 680 894 742 incerto
916 687 1021 742 vetere
1042 677 1220 757 interprete,

122 802 264 884 capitibus
282 799 337 862 XX
360 803 478 860 constat
488 793 530 876 ²).
575 792 676 856 Tertia
689 790 829 870 donique,
851 789 953 852 itidem
974 790 1092 852 incerto
1114 793 1223 848 vetere.

121 915 297 992 interprete,
319 907 413 970 LVIII
429 903 572 984 capitibus
586 902 697 982 prodiit
717 901 776 964 hoo
792 900 906 962 indice:
932 899 1115 980 „Heraclidis
1126 897 1221 958 Para-

122 1023 221 1086 HIsus“
240 1019 286 1102 ³),
319 1016 509 1098 quiquidem
537 1012 641 1078 titulus
671 1010 763 1074 falsus
792 1018 849 1089 est,
880 1027 971 1090 quum
1000 1009 1159 1092 legendum
1182 1004 1223 1068 sit

124 1131 265 1212 ,PaHadii
290 1127 475 1208 paradisus“,
498 1132 531 1187 ut
553 1131 600 1186 est
618 1123 648 1184 in
664 1121 868 1184 vetustissimo
881 1120 986 1183 codice
1000 1119 1133 1182 eiusdem
1146 1135 1222 1178 ver-

124 1243 219 1307 sionis
241 1241 361 1302 ineunte
382 1237 448 1302 Sec.
462 1234 502 1300 tx
524 1235 650 1314 scripto,
672 1243 761 1312 quent
784 1231 842 1294 adii
856 1231 969 1294 Romae
990 1231 1021 1292 in
1043 1228 1223 1292 bibliotheca

124 1351 297 1418 monasterii
336 1343 572 1409 Ymcsolemme
599 1342 633 1404 a'n
662 1339 769 1404 Crosa.
782 1339 816 1425 ⁴]
873 1339 1040 1404 Heraclidis
1067 1339 1225 1418 paradisus

123 1466 198 1529 alius
220 1462 341 1525 omnino
363 1459 441 1524 liber
462 1455 555 1522 fulsse
576 1455 714 1532 videtur,
738 1454 823 1516 cuius
845 1453 966 1516 codices
988 1453 1100 1514 Romae
1121 1451 1151 1512 in
1174 1451 1224 1512 bi-

122 1575 270 1652 bhotheca
291 1572 457 1636 christinae
487 1568 687 1632 adservantur
697 1563 739 1648 ⁵).
783 1564 843 1629 Sed
870 1565 907 1628 ad
929 1563 994 1627 illas
1016 1572 1078 1627 tres
1103 1561 1224 1625 versio·-

118 1737 369 1752 *t——n--n-—n

152 1836 179 1900 1)
199 1835 307 1886 Primum
336 1831 433 1898 prodiit
465 1833 570 1884 Parisiis
605 1833 688 1885 1555.
710 1828 750 1893 4.;
782 1845 874 1881 recusa
902 1835 942 1879 est
968 1827 1063 1878 ibidem
1095 1825 1176 1880 1570.
1205 1821 1223 1876 4

201 1917 291 1990 atque
309 1937 366 1972 cum
398 1920 506 1972 scholiis
537 1921 669 1972 laurentii
696 1921 831 1972 Barrensis
860 1920 886 1969 in
915 1917 972 1968 eius
998 1917 1106 1967 historia
1136 1914 1224 1964 chris·

201 2011 271 2060 tiana
291 2018 406 2060 veterum
421 2008 520 2060 Petrum
536 2009 617 2066 Paris.
640 2008 720 2064 1583.
742 2007 787 2063 lol.
807 2023 832 2073 p.
846 2006 890 2062 55.
911 2021 960 2078 nec
979 2019 1032 2055 non
1048 2006 1075 2054 in
1090 2002 1159 2053 Bibl.
1176 2000 1224 2056 PP.

202 2113 256 2152 eur.
277 2097 310 2147 de
331 2097 355 2148 la
375 2097 465 2164 Bigne.
486 2097 565 2154 Paris.
580 2099 652 2152 1589
674 2106 699 2148 et
722 2097 794 2150 1610
816 2096 843 2152 T.
864 2096 922 2158 VII,
944 2103 971 2146 et
990 2095 1047 2150 VV.
1067 2093 1115 2148 PP.
1135 2093 1225 2145 Hosne.

204 2186 249 2241 lib.
270 2187 341 2248 VIII,
363 2202 387 2252 p.
410 2181 465 2239 toi
485 2203 541 2254 sqq.

155 2273 184 2342 2)
205 2274 282 2325 Edita
303 2277 389 2325 estin
411 2279 472 2331 VV.
486 2279 549 2339 1³1³,
571 2292 638 2344 quae
658 2276 754 2341 triplici
776 2277 834 2325 vice
856 2275 911 2324 sine
932 2271 1099 2340 typographi,
1126 2269 1178 2320 loci
1201 2277 1227 2319 et

202 2364 262 2414 anni
283 2371 344 2414 nota
364 2373 480 2430 tempore
501 2367 631 2416 nascentis
651 2363 842 2432 typographiae
862 2361 1023 2429 prodierunt.
1043 2359 1104 2422 lol.;
1132 2372 1225 2408 recusa

201 2459 241 2504 est
261 2453 287 2502 in
307 2451 462 2504 Theoderici
484 2454 567 2504 Loher
587 2471 602 2504 a
624 2455 715 2507 Stratis
736 2462 876 2520 prototypo
897 2453 994 2505 veteris
1015 2449 1142 2506 ecelesiae
1164 2445 1220 2498 Go-

199 2539 286 2590 lonIae
310 2539 391 2608 tcta.
412 2541 459 2592 lol.
482 2550 508 2591 et
528 2546 589 2598 VV.
611 2546 662 2598 PP.
683 2543 772 2596 llosw.
792 2558 818 2607 p.
839 2537 896 2593 984
917 2556 974 2606 sqq.

149 2629 180 2694 3)
200 2627 263 2678 Earn
282 2627 329 2676 sub
344 2627 394 2677 hoe
414 2628 505 2678 titulo:
529 2623 691 2682 „Heraclidis
704 2628 858 2678 Paradisus“
878 2629 974 2692 primus
987 2625 1090 2675 videtur
1110 2623 1228 2674 edidisse

203 2713 257 2768 lac.
282 2713 367 2764 Faber
394 2715 565 2780 stapulensis.
595 2713 675 2769 Paris.
705 2711 786 2766 1504.
829 2714 928 2765 Collata
955 2731 1010 2764 curn
1037 2713 1136 2764 Codice
1162 2727 1223 2762 mss.

203 2801 314 2863 Veneto,
337 2803 381 2868 qui
403 2817 454 2852 non
477 2801 648 2865 Heraclidem,
670 2803 716 2853 sed
736 2802 877 2854 Palladium
898 2804 1048 2868 scriptorem
1069 2809 1139 2852 recle
1161 2815 1224 2866 pro-

201 2888 296 2950 fitetur,
318 2889 415 2954 prodiit
434 2890 540 2961 Invitis
562 2905 608 2956 per
627 2889 762 2956 Aloysinrn
783 2891 966 2956 Lipomannont
987 2891 1104 2942 collectis
1126 2889 1154 2941 T.
1177 2891 1223 2944 III.

202 2978 292 3028 Venet.
324 2973 405 3032 1554.
445 2978 564 3046 Denique
591 2986 661 3030 extat
692 2983 753 3036 VV.
772 2983 824 3034 1¹1³.
851 2980 940 3036 Rosw.
965 2996 990 3046 p.
1013 2980 1069 3034 939
1090 2997 1147 3048 sqq.
1186 2979 1226 3029 De

202 3068 281 3115 variis
302 3067 373 3118 hisce
394 3068 468 3118 trium
489 3070 635 3118 versionum
656 3067 815 3120 editionibus
843 3069 876 3125 ol.
896 3068 964 3136 Opp.
993 3069 1088 3122 hears.
1121 3085 1153 3120 ex
1174 3082 1227 3124 rec.

201 3155 270 3206 Lami
292 3155 319 3212 Τ,
341 3157 402 3208 VIII
424 3172 449 3222 p.
470 3155 535 3219 667,
559 3160 582 3210 1.
625 3161 684 3207 VV.
708 3161 764 3213 PP.
784 3159 872 3214 Rosw.
894 3158 1078 3226 Proleg.lllV.
1098 3156 1225 3223 pxtw.

151 3241 184 3312 4)
207 3244 288 3294 Huius
308 3245 487 3296 Bibliothecae
508 3245 598 3296 codice
619 3245 684 3301 xtt.
705 3245 750 3296 iol.
773 3246 799 3301 9.
819 3246 884 3297 hacc
905 3247 983 3314 legis:
1015 3247 1130 3315 „Incipit
1150 3246 1226 3306 liber,

203 3335 249 3400 qua*
270 3334 419 3402 appellatur
437 3336 585 3403 paradysus
616 3335 734 3386 Pallade·
759 3336 895 3399 monachi,
928 3338 973 3403 qui
1001 3337 1053 3402 fuit
1083 3333 1228 3402 discipulus

203 3421 328 3488 anprir'.
369 3422 443 3473 ttutrt
464 3423 566 3491 quidem
586 3423 680 3474 multos
702 3426 840 3492 variosque
861 3423 942 3475 libros
956 3432 1022 3479 ete.“
1063 3421 1159 3476 'sextus
1174 3419 1227 3472 Go-

205 3508 271 3559 dicis
292 3509 393 3561 alibro
414 3513 540 3578 impresso
567 3527 654 3579 parurn
682 3513 758 3564 nohis
779 3513 927 3580 discrepare
955 3514 1027 3564 visus
1048 3519 1096 3568 est.
1137 3508 1226 3562 codex

204 3599 319 3649 Venetus
350 3615 471 3668 quoqne,
502 3617 577 3670 quern
602 3604 777 3668 imperiosus,
808 3602 951 3656 Palladium
978 3603 1130 3667 scriptorem
1164 3615 1227 3666 prae

206 3704 236 3738 se
256 3686 315 3742 lert.
763 3719 767 3728 ·

153 3779 183 3842 5)
203 3779 234 3828 In
254 3775 374 3842 catalogo
401 3776 482 3828 lathno
510 3777 577 3835 Bibl.
605 3777 749 3832 Chrianae
777 3779 873 3832 Romae
894 3778 978 3844 legis:
1007 3774 1089 3843 „cod
1108 3776 1151 3832 Νι.
1172 3773 1229 3829 432

207 3863 352 3914 Heraclidis
381 3863 519 3916 Paradisus
547 3867 603 3918 sive
632 3867 677 3922 lib.
706 3867 741 3920 de
766 3871 828 3924 VV.
856 3867 902 3922 SS.
929 3866 1031 3918 Petrum
1059 3865 1092 3918 ad
1119 3865 1229 3916 Lausum

207 3953 384 4018 praepositum
405 3953 519 4019 palatii.“
560 3955 668 4008 Nomine
689 3957 822 4022 scriptoris
843 3957 941 4008 omisso
960 3956 987 4006 in
1007 3954 1126 4020 catalogo
1148 3953 1228 4004 latino

190 4040 275 4096 ‚Btht
296 4041 435 4092 vaticanae
456 4041 539 4110 legis:
562 4046 606 4108 „2
628 4044 776 4108 Paradisus,
802 4044 870 4096 liber
890 4046 929 4096 sle
949 4045 1088 4109 inscriptus
1108 4043 1142 4093 de
1169 4043 1229 4094 vitis

209 4129 369 4192 Sanctorum,
390 4131 446 4183 353
467 4132 510 4187 Nt.
530 4130 602 4197 4993
625 4133 709 4185 denuo
731 4135 786 4188 363
807 4135 850 4191 lh.
874 4135 973 4190 1312st
1016 4130 1133 4186 Graviter
1153 4133 1229 4186 dole-

208 4234 280 4281 mus,
311 4219 380 4286 quod
401 4220 565 4286 gravIoribus
586 4221 663 4274 rebus
683 4224 759 4276 nimis
788 4223 908 4289 occupati¹
928 4222 976 4274 hos
1003 4221 1108 4276 codices
1134 4224 1230 4278 homae

209 4315 330 4360 excutere
350 4323 402 4360 non
423 4311 559 4375 potuimus.
