2974 4964
563 373 808 448 -79-

227 575 332 658 ltaque
353 577 383 638 in
407 575 473 639 sola
503 573 787 654 antiqua-vastans
807 583 919 638 rectam
941 575 1071 640 inveniri
1090 577 1243 640 nominum

138 687 318 768 scripturam
336 685 495 767 ‘intelligia
518 693 695 763 cunctaque,
718 701 795 764 quae
816 685 913 764 capite
934 684 985 748 illo
1006 685 1144 750 codicum
1166 679 1244 752 Vin-

138 798 360 862 dobonensiurn
391 795 455 876 „De
485 794 612 858 Muroo“
638 794 786 874 inscripto
818 794 983 875 habentur,
1003 796 1053 860 ad
1080 795 1244 862 Macarium

137 908 380 973 Alexandrinum
402 915 551 987 spectare,
574 923 673 985 neque
689 906 817 971 omnino
830 906 974 970 Marcum
1002 909 1033 970 in
1063 911 1161 990 capito
1182 923 1243 968 no·-

138 1021 258 1098 minari,
281 1019 342 1083 nisi
362 1025 397 1081 ut
418 1017 458 1097 id,
480 1017 560 1096 quod
583 1017 621 1079 de
644 1033 681 1080 eo
703 1017 851 1080 Macarius
874 1017 996 1096 dixerit,
1020 1029 1175 1098 narretur,
1194 1017 1244 1080 cui

136 1131 263 1212 quidem
276 1131 439 1196 narrationi
448 1129 595 1192 Palladius
609 1127 752 1204 Mareurn,
765 1145 857 1209 quum
869 1128 987 1193 iuvenis
1002 1139 1092 1207 essct,
1105 1147 1128 1194 s.
1140 1109 1242 1210 scrip-

139 1232 226 1306 turas
234 1238 392 1304 edidicisse
399 1257 437 1303 ac
451 1237 608 1304 sanctitate
627 1248 663 1304 ct·
673 1239 810 1304 castitate
821 1241 972 1324 insignem
982 1240 1076 1306 fuisso
1086 1240 1241 1306 addiderit.

226 1351 383 1430 Necnon,
406 1358 445 1414 ut
466 1350 541 1415 iilud
563 1357 652 1430 caput
673 1350 714 1414 ita
740 1351 985 1430 interpretemur,
1016 1353 1107 1414 etiam
1142 1369 1242 1416 nexus

138 1461 323 1525 narrationis
342 1460 466 1526 PaMadii
487 1461 526 1524 dc
546 1461 685 1524 Macariis
714 1461 846 1524 suadere
875 1460 1005 1524 videtur.
1048 1462 1123 1524 Nam
1145 1460 1245 1524 Palla-

139 1569 232 1650 dium,
255 1571 316 1651 qui,
339 1571 480 1651 quamdiu
501 1571 651 1636 Macarius
671 1571 843 1654 Aegyptius
865 1569 986 1649 vinem,
1008 1579 1166 1651 memorat,
1186 1589 1243 1653 pa-

138 1683 225 1762 riter,
259 1689 333 1762 quot
359 1658 455 1746 annos
481 1681 630 1744 Macarius
658 1679 881 1744 Alexandrinus
914 1680 1058 1762 attigerit,
1093 1680 1243 1746 iudicasse

138 1802 374 1857 consentaneum
394 1799 452 1860 est.
497 1793 637 1871 Accedit·
656 1791 738 1874 quod
760 1791 895 1855 narratio*
914 1789 1036 1856 Palladii
1057 1789 1095 1854 dc
1110 1791 1242 1856 Macaria

137 1903 356 1982 Alexandrino,
389 1903 416 1967 si
433 1903 518 1968 illud
546 1911 637 1983 caput
668 1903 706 1966 ad
738 1903 876 1966 Mercuri
895 1899 1039 1980 refertur,
1068 1901 1149 1965 iusto
1180 1901 1242 1966 fruc

140 2031 268 2096 prorsus
302 2021 402 2088 carct3
433 2021 550 2093 contra,
579 2015 606 2076 si
637 2014 674 2076 ad
690 2013 867 2102 'Maeonium
896 2013 1038 2092 pertinet,
1070 2013 1175 2076 ambae
1203 2011 1242 2076 dc

139 2123 280 2188 Macariis
297 2123 417 2186 Palladii
433 2125 621 2186 narrationes
644 2124 797 2204 praeclare
819 2124 949 2188 invicem
970 2122 1028 2188 sibi
1047 2123 1244 2203 respondent.

222 2235 356 2299 Tertium
378 2235 507 2316 denique
529 2246 562 2300 et
579 2235 782 2301 firmissimum
803 2218 1015 2318 animantum
1037 2235 1202 2314 repetimus
1224 2250 1241 2296 a
1346 2229 1366 2308 ,’

134 2343 317 2426 Sonomcno,
344 2348 399 2428 'qui
418 2365 535 2425 *senona
554 2348 602 2411 dc·
618 2365 686 2430 quo
700 2348 761 2423 isto
783 2347 882 2426 capito
903 2353 1056 2422 narratur,
1077 2345 1241 2412 Macariutu

137 2471 208 2518 csse
235 2467 340 2536 aperte
361 2457 459 2521 docet
504 2458 703 2522 Sozomenus'
721 2457 817 2524 euin:
851 2453 957 2534 „Alter
979 2453 1143 2528 (Macarius
1163 2455 1242 2519 Alo-

135 2565 319 2642 xandriuus]
342 2585 430 2643 uero,
461 2567 567 2646 inquit,
601 2567 703 2658 serius¹
729 2565 849 2644 quidem
876 2564 1037 2646 presbyter
1064 2562 1160 2628 tactus
1183 2572 1240 2628 est
1328 2544 1331 2554 s

135 2679 198 2743 sed
221 2681 359 2742 omnibus
381 2680 447 2742 fere
469 2681 608 2743 arctioris
624 2679 798 2759 disciplinae
810 2675 1076 2748 exercitationibus
1098 2683 1145 2740 cst
1166 2690 1241 2756 pcr-

134 2789 270 2865 functus,
301 2807 427 2869 quarum
458 2789 534 2853 alias
564 2791 630 2869 ipse
666 2789 902 2870 excogitaverat,
938 2787 1082 2867 quasdam
1110 2787 1146 2852 ab
1175 2785 1240 2854 aliie

133 2901 277 2978 mucuns
301 2907 382 2962 tanto
402 2899 506 2963 studia
526 2898 713 2977 enacim,
734 2907 767 2962 ut
788 2914 833 2960 cac
854 2895 955 2964 unta
976 2893 1062 2960 aute
1080 2891 1239 2958 ariditate

132 3007 195 3088 ortt
216 3006 334 3070 barbae
356 3005 387 3068 ci
414 3025 474 3068 non
495 3005 731 3070 succreverint“
752 3011 787 3084 ¹).
832 3007 888 3071 Ubi
917 3007 1115 3076 Sozoncnurn
1138 3004 1237 3068 bisto-

133 3118 395 3182 riarnbausiaoam
410 3117 539 3196 cacapite
554 3117 612 3182 isto
631 3115 821 3196 compilasse,
843 3115 1031 3184 cuiusdam
1043 3126 1100 3184 cst.
1123 3116 1237 3192 Quodsi

133 3237 235 3292 auteur
258 3245 303 3306 ea,
336 3245 412 3308 quae
440 3227 480 3290 de
509 3227 602 3291 barba
624 3227 706 3292 senis
726 3227 757 3290 iu
780 3226 878 3306 capite
899 3226 1060 3290 bausiaoaa
1081 3225 1237 3307 leguntur,

133 3337 348 3402 adMscariun
369 3337 615 3416 aunenrudis,
638 3337 710 3416 quin
733 3345 835 3410 cetera
857 3351 987 3416 quoquc,
1010 3351 1087 3415 quae
1108 3335 1161 3400 Mo
1180 3351 1237 3401 ca-

132 3447 197 3528 pito
218 3443 423 3525 continentur,
444 3446 475 3510 in
492 3447 762 3524 cundem-cadant,
785 3446 910 3526 amplius
932 3445 1100 3520 dubitabit?

222 3556 327 3636 ltaque
348 3557 539 3638 perspicuum
561 3565 619 3638 cst,
640 3557 671 3626 in
693 3557 848 3626 codicibus
871 3557 1153 3628 vindobonensibus
1169 3571 1236 3634 ⁴nro

133 3662 302 3776 Mandanes
335 3666 410 3732 falso
444 3667 591 3746 scriptum
623 3683 696 3732 csse
714 3663 858 3746 Μάρκος.
904 3668 962 3742 Qui
993 3667 1113 3748 quidem
1148 3679 1237 3728 error

133 3795 266 3862 cuutcx
287 3775 438 3846 adiutura
459 3777 708 3847 verborum-tum
722 3793 762 3840 en
783 3775 898 3841 indice:
923 3775 1122 3854 „DeMarcoi
1148 3781 1235 3848 natus

134 3897 191 3966 est,
213 3905 302 3968 quem
325 3906 392 3950 cunr
413 3887 554 3951 librarius
577 3895 629 3952 aut
648 3886 754 3966 lector,
776 3885 854 3949 facta
874 3885 968 3948 Marci
990 3885 1141 3948 mentione
1164 3880 1235 3942 lon-

134 4017 207 4084 gum
222 4003 312 4079 caput
332 3993 547 4062 chocora'a'c
561 3995 677 4060 ¹initum
699 4013 768 4063 csse
789 3997 937 4076 retus,1in
959 3995 1095 4074 margine
1117 3989 1235 4070 ascrip-

134 4107 240 4190 sisset,
273 4107 446 4190 corruptela
468 4100 666 4189 'postmodun
703 4107 734 4170 in
773 4115 888 4172 textum
928 4101 1067 4166 iaciilirne
1105 4099 1236 4182 irrepsit.
1265 4135 1268 4140 ·

143 4265 390 4279 Μ

162 4353 191 4418 ι)
212 4351 278 4406 uasa.
299 4349 361 4401 sect.
380 4317 430 4405 'un
450 4347 498 4412 ru,
522 4343 558 4402 14
577 4347 618 4403 su.
639 4346 737 4406 ranan
757 4310 868 4414 pacto.
934 4307 936 4313 ¹
