2974 4964
684 385 930 462 ..73-

345 593 422 669 Quid
443 591 562 675 igitur?
583 589 662 654 llum
683 595 860 667 statuemus,
881 585 959 650 iacta
975 584 1068 649 llarei
1089 583 1240 648 mentione
1261 583 1361 649 lihra-

259 707 323 768 rios
347 703 488 767 inductos
500 719 580 782 esso,
602 709 646 782 ut,
668 698 887 781 quaenamrio
900 696 1094 777 conveniunt,
1115 695 1218 760 Marco
1238 695 1362 759 tribue-

260 815 332 894 rint,
355 833 402 895 an,
424 814 505 895 quod
535 817 567 876 in
596 811 644 892 iis,
674 827 752 892 quae
772 807 964 888 antecedunt,
991 805 1029 872 de
1049 805 1180 870 llaomio
1207 813 1361 870 narratum

259 933 317 1006 est,
339 926 470 990 Macedo
491 923 644 1004 tribuisse,
670 939 748 1004 quae
769 921 807 984 ad
827 919 962 984 hiarcam
983 917 1144 1000 spectant?

346 1063 426 1126 llaec
448 1061 583 1143 quaestio
605 1059 701 1142 primo
731 1059 851 1140 quidem
874 1065 996 1139 aspectu
1025 1053 1097 1120 satis
1119 1054 1260 1136 perplexa
1291 1073 1362 1119 esse

258 1169 387 1251 videtur,
410 1171 475 1253 sed,
498 1173 524 1235 si
547 1179 685 1234 accurate
708 1169 943 1248 distinxerimus,
966 1165 1053 1229 facile
1082 1163 1226 1228 solvetur.
1259 1165 1362 1230 Rufini
1466 1211 1471 1218 -

257 1281 336 1346 enirn
354 1282 582 1348 Continuatione
604 1281 750 1364 historiae
768 1279 991 1344 ecclesiasticae
1011 1275 1145 1358 Eusehii,
1167 1293 1244 1357 quae
1264 1278 1360 1341 multo

258 1379 328 1456 ante
350 1393 504 1458 historiam
517 1391 695 1480 Lausiaoam'
708 1389 889 1472 sumptuosi,
913 1387 1086 1467 edocemur,
1108 1369 1362 1469 catulo*hyaenae

256 1501 361 1566 oculos
390 1521 407 1566 a
439 1503 569 1566 hlacario
596 1501 801 1566 Alexandrino
837 1499 994 1566 restitutos
1029 1515 1107 1562 esse.
1159 1495 1234 1559 Nam
1265 1495 1360 1579 legis:

259 1609 360 1691 ,ldem
390 1611 456 1694 ipse
477 1613 624 1676 Macarius
646 1613 769 1676 leaenae
798 1611 971 1693 speluncam
999 1607 1102 1672 hahuit
1130 1605 1256 1671 cellulae
1286 1623 1361 1672 suae

257 1723 402 1784 uicinam
440 1723 479 1787 lli
500 1723 625 1804 quadam
647 1723 697 1786 die
726 1723 842 1787 catulos
871 1737 943 1786 suos
970 1737 1078 1784 caecos
1107 1717 1144 1783 ad
1172 1737 1241 1782 eum
1269 1719 1361 1783 helna
1473 1783 1474 1786 ,

256 1831 395 1914 producit
416 1843 448 1898 et
469 1843 538 1897 ante
558 1833 651 1914 pedes
674 1835 738 1897 eius
761 1834 853 1914 ponit.
897 1832 939 1898 At
959 1831 1010 1896 ille
1032 1849 1124 1914 quum
1145 1826 1359 1911 intellexisset,

256 1961 312 2026 pro
335 1944 479 2008 caecitate
501 1943 658 2007 oculorum
686 1943 812 2007 hostiam
841 1939 1021 2026 supplicare,
1053 1939 1174 2025 rogavit
1195 1941 1360 2018 dominum,
1474 1933 1475 1938 ’

255 2061 290 2118 ut
311 2055 356 2118 eis
377 2054 520 2120 redderet
539 2055 648 2117 visum.
672 2056 738 2130 Quo
759 2061 883 2134 recepto
899 2062 1024 2118 matrem
1046 2061 1208 2136 sequentes
1230 2051 1360 2117 redeunt

257 2165 295 2228 ad
316 2166 498 2246 speluncam.
543 2165 582 2230 Et
604 2166 691 2248 paulo
713 2175 783 2246 post
803 2166 868 2247 ipsa
884 2184 952 2228 cum
966 2165 1157 2230 catulis'suls
1179 2163 1359 2247 regrediens
1475 2233 1476 2238 ἵ

256 2273 351 2358 pelles
373 2277 474 2339 ovium
494 2277 607 2341 lanatas
630 2277 773 2358 plurimas
793 2275 877 2340 velut
898 2293 1007 2340 munus
1028 2292 1084 2358 pro
1100 2283 1239 2357 suscepta
1260 2275 1360 2358 gratia

256 2387 294 2451 ad
316 2403 419 2451 senem
441 2385 540 2452 desert
571 2405 675 2452 morsu
702 2388 766 2451 oris
795 2395 927 2465 enectos,
956 2387 1062 2469 quibus
1092 2397 1160 2453 ante
1188 2385 1269 2451 fores
1293 2387 1359 2450 eius

257 2497 401 2580 depositis
437 2499 588 2565 abscedit“
608 2495 651 2584 ¹).
702 2499 832 2562 Dubium
861 2515 933 2563 sane
961 2515 1030 2562 esse
1059 2499 1111 2562 vlit
1146 2507 1257 2580 potest,
1285 2498 1358 2578 quin
1476 2480 1477 2518 ³

257 2611 382 2674 eandem
405 2611 480 2674 hano
512 2611 697 2698 sanationem
724 2610 892 2676 catulorum
929 2609 1052 2673 leaenae
1082 2625 1173 2691 supra
1210 2609 1359 2673 Palladius

256 2719 414 2804 significet.
470 2721 557 2798 Quod
592 2724 618 2786 si
654 2729 781 2804 constat,
814 2721 944 2786 dubitari
977 2719 1102 2802 amplius
1135 2721 1249 2802 nequit,
1285 2721 1358 2803 quin

256 2839 359 2894 cetera
379 2849 511 2913 quoque,
533 2851 610 2913 quae
632 2834 728 2912 capite
750 2834 808 2896 isto
830 2833 952 2898 Palladii
972 2833 1175 2896 narrationem
1197 2827 1235 2894 de
1257 2831 1357 2895 catulo

256 2939 392 3024 hyaenae
414 2942 451 3002 ad
473 2942 562 3003 finem
579 2959 676 3022 usque
692 2951 871 3024 sequuntur,
893 2943 930 3008 ad
945 2943 1108 3008 Macarium
1120 2941 1358 3008 Alexandrinum

257 3057 410 3132 spectent:
433 3069 512 3130 eum,
535 3069 574 3113 ex
589 3069 649 3131 quo
663 3052 829 3132 baptizatus
848 3055 897 3137 sit,
919 3055 1077 3138 sexaginta
1091 3071 1184 3118 annos
1195 3071 1257 3116 non
1275 3049 1358 3116 humi

258 3161 385 3240 spuisse,
408 3178 502 3224 annos
525 3161 832 3245 quadragintanatum
846 3165 1119 3247 haptizatumesse,
1139 3171 1253 3228 statura
1269 3163 1357 3226 brevi

257 3267 351 3332 fuisse
372 3277 403 3334 et
426 3281 538 3352 cetera,
567 3289 643 3354 quae
672 3293 768 3356 usque
790 3277 936 3339 adfinem
958 3276 1063 3357 capitis
1084 3276 1236 3357 leguntur.
1281 3273 1357 3337 Nam

256 3381 332 3444 ordo
359 3382 450 3445 totius
468 3382 557 3447 huius
585 3385 729 3449 orationis
756 3387 898 3471 postulat,
921 3397 954 3452 ut
981 3388 1057 3450 haec
1084 3387 1122 3450 de
1153 3385 1261 3450 eodem
1283 3402 1357 3450 sene

254 3491 472 3576 intelligantur,
499 3513 522 3580 'a
549 3489 617 3576 quo
638 3497 718 3561 oculi
744 3498 878 3580 hyaenae
905 3497 1003 3562 catulo
1025 3493 1157 3563 restituti
1179 3503 1258 3561 sunt.
1304 3495 1357 3560 lila

255 3622 331 3668 vero
353 3607 570 3671 sldehlacario
588 3595 872 3693 intelligendasunt,
894 3625 997 3673 senem
1014 3617 1276 3698 quoque'centum
1299 3627 1357 3671 an-

255 3733 374 3793 norum,
406 3715 456 3796 qul
484 3735 517 3780 se
540 3725 571 3782 et
594 3719 744 3782 diabolum
767 3711 827 3784 tam
850 3721 961 3782 acerbe
988 3719 1165 3800 increpavit,
1191 3717 1356 3782 hlacarium

253 3805 362 3908 luisse}
382 3827 468 3892 facile
490 3839 611 3894 statues.
655 3831 730 3893 Nam
758 3829 957 3918 qnadraginta
988 3831 1068 3912 anni,
1098 3845 1175 3912 quos
1207 3829 1356 3894 Macarius

253 3947 322 4002 ante
342 3937 520 4019 baptismum
532 3940 616 4018 vixit,
632 3948 662 4004 et
678 3941 845 4022 sexaginta,
868 3956 944 4024 quos
965 3939 1042 4006 vixit
1063 3948 1186 4023 accepto
1197 3937 1356 4021 baptismo,

253 4044 279 4109 sl
301 4059 521 4130 computantur,
543 4057 664 4114 centum
684 4065 778 4114 annos
800 4049 942 4116 efficiunt.
986 4092 994 4104 ,
1016 4061 1018 4068 ’

258 4234 511 4250 *uu—...0—

282 4356 311 4421 i)
329 4355 389 4408 tint
411 4357 470 4415 hist.
491 4357 554 4416 eccl.
575 4357 620 4416 lib.
640 4356 685 4423 ¹1,
706 4355 725 4412 4
745 4357 787 4410 ed.
808 4357 826 4415 Ι.
846 4373 872 4424 p.
893 4355 958 4416 243.
1078 4373 1081 4381 ·
