2974 4964
552 375 842 450 -129-··

155 619 228 668 esse
252 617 293 664 ex
315 591 509 662 similitudine
533 607 601 654 cnut
623 587 771 664 decuma
795 577 884 665 publ
908 585 934 647 is
958 581 1090 666 Euagrio
1113 580 1239 660 dedit).

154 717 187 774 et
209 725 277 773 uam
298 703 429 769 homiliis
452 701 519 763 eius
541 696 645 762 timido
667 693 860 760 oomeooruu.

241 813 360 882 Deinde
382 811 531 876 Cassiano
553 809 584 870 iu
606 803 786 869 coddeonis
809 801 933 882 quintae
955 805 1066 884 capite,
1086 799 1167 884 quod
1187 803 1240 864 in-

153 924 296 992 scribitur
325 924 376 1003 „in
403 935 464 1002 quo
484 915 567 986 nors
594 915 636 978 sit
657 908 871 989 cenodoxia“‚.
884 909 1035 993 Serapion
1058 927 1159 976 senex
1180 891 1240 976 eu·=

154 1032 250 1116 ponit,
272 1026 384 1093 madtos
406 1035 632 1106 saepenumero
654 1017 795 1082 homines
816 1015 915 1080 adhuc
937 1011 1078 1078 camales
1100 1011 1239 1085 cenodo-
1381 1037 1388 1062 ι

153 1137 223 1200 niae
245 1135 320 1200 vitio
343 1131 380 1196 ab
403 1128 469 1194 aliis
489 1126 630 1208 turpibus
652 1123 845 1208 indignisque
869 1123 950 1187 vitiis
973 1118 1129 1184 custodiri.
1150 1119 1240 1187 Non-

154 1243 255 1308 nullos
277 1241 396 1325 quidem
418 1236 583 1302 confessos
607 1251 698 1314 esse,
720 1251 757 1298 se
778 1235 809 1296 in
832 1232 939 1316 Syriae
961 1229 1119 1296 coenobiis
1141 1231 1241 1311 qumis

154 1351 263 1417 diebm
286 1350 384 1414 eiham
405 1346 578 1429 sumpsisse
591 1342 746 1424 talemque
757 1341 972 1407 abstinentiam
985 1342 1052 1404 sine
1069 1338 1241 1406 laborato-

153 1459 289 1538 larasse,
310 1459 342 1523 in
366 1473 470 1522 memo
498 1459 600 1548 autern
622 1458 709 1518 tanta
732 1469 769 1516 se
792 1449 872 1514 lama
894 1449 966 1514 inde
988 1449 1026 1514 ab
1049 1449 1126 1514 lora
1149 1451 1245 1514 tertia
1289 1497 1293 1504 .

153 1571 277 1650 noxam,
308 1573 344 1633 nt
373 1566 412 1632 ad
434 1581 545 1631 nouam
576 1577 677 1644 usque
699 1563 751 1626 rix
771 1560 895 1644 possint
925 1559 1035 1640 ieiunia
1066 1558 1241 1640 quotidiana

153 1673 284 1740 inune.
327 1673 403 1738 Post
428 1671 506 1736 haec
534 1669 636 1734 addit:
671 1667 791 1751 „snper
822 1683 884 1748 quaa
917 1683 953 1730 re
986 1664 1115 1750 pulchre
1143 1665 1239 1732 abbas

153 1780 303 1844 Macarius
332 1776 448 1842 cuidam
475 1777 702 1860 percunctant,
735 1793 791 1839 cur
816 1773 894 1838 bara
929 1772 967 1836 ab
990 1771 1065 1836 hora
1095 1774 1188 1838 tertia
1209 1774 1241 1836 in

154 1907 260 1952 eremo
283 1887 468 1971 pulsaretur,
491 1887 595 1966 quiin
617 1882 769 1949 coenobio
790 1881 1028 1946 hebdomadibus
1042 1883 1171 1968 integris
1183 1900 1240 1945 re-

124 2075 126 2080 ,
154 1997 320 2062 lbctmnam
333 2013 430 2079 saepe
438 1992 640 2059 contemnens
652 2009 714 2074 non
726 1995 882 2058 sensisset
894 1987 1038 2072 esuriem,
1061 1992 1241 2076 respondit:

155 2106 232 2182 Quia
254 2103 355 2170 nullus
376 2102 425 2167 lio
448 2108 499 2168 est
516 2101 619 2166 ieiunii
641 2101 686 2170 tui
696 2103 798 2179 tastis,
822 2102 872 2181 qui
894 2101 1008 2164 tesuia
1030 2097 1241 2164 laudibusnu-

154 2213 227 2275 triat
249 2216 342 2290 atpane
363 2215 529 2290 sustentet,
552 2208 593 2273 ibi
614 2213 716 2272 autem
739 2214 772 2271 te
789 2207 902 2293 digitus
924 2207 1075 2272 lominum
1098 2212 1131 2272 et
1141 2221 1241 2270 oeno-

155 2315 266 2379 doxiaa
288 2315 416 2380 reiectio
439 2313 664 2401 eaginabot‘t2).
719 2315 843 2380 cuinam
866 2315 1001 2380 naono
1023 2333 1060 2378 ea
1081 2313 1245 2380 tribuenda⁴

153 2426 225 2506 sint,
246 2441 309 2488 non
334 2431 386 2490 est
406 2421 577 2492 indicatum.
631 2423 760 2506 Utrique
782 2429 957 2488 nostrorum
987 2439 1100 2505 reapse
1127 2425 1242 2504 optime

156 2535 349 2598 eonveniunt.
394 2531 620 2597 Necdubitavit
640 2529 859 2609 tillemontius,
883 2547 920 2592 ea
942 2529 1076 2594 biaoario
1087 2530 1242 2615 Aegyptio
1378 2524 1383 2533 '

157 2637 341 2717 adiudicare,
363 2639 449 2702 cuius
471 2645 573 2702 tomen
595 2638 641 2700 rei
661 2639 811 2702 rationem
834 2653 897 2698 non
918 2633 1074 2714 addidit⁸).

240 2743 314 2808 uum
336 2740 515 2806 Gollationis
539 2743 692 2825 septimae
716 2743 838 2824 capite,
869 2741 951 2822 quod
976 2741 1153 2809 inscribitur
1181 2744 1245 2825 „de

142 2853 324 2918 tentatione
346 2849 466 2915 abbata
481 2847 633 2933 lldysis“,
656 2850 792 2916 Serenus
815 2849 910 2914 abbas
927 2853 974 2914 ita
988 2849 1133 2932 loquitur:
1158 2853 1241 2932 „Se-

151 2956 268 3021 cundus
291 2975 367 3020 vero
390 2973 481 3037 quem
503 2955 633 3022 diximus
656 2959 687 3021 iu
709 2956 767 3021 bac
789 2973 896 3022 eremo
924 2966 1143 3025 commoratum
1165 2963 1239 3036 (ab-

152 3065 208 3128 bas
230 3064 393 3146 lloyses),
427 3081 495 3128 curn
515 3065 584 3146 ipse
605 3079 728 3145 quoque
751 3063 916 3149 singularis
941 3071 975 3131 et
995 3067 1240 3150 incomparabilis

152 3167 198 3234 vir
221 3176 329 3250 esset,
361 3169 400 3234 ob
422 3169 692 3253 reprehensionem
714 3171 805 3235 unius
826 3173 995 3253 sermome,
1018 3187 1108 3253 quem
1130 3181 1240 3238 contra

152 3277 293 3349 abbatem
315 3278 478 3344 licendum
509 3277 668 3362 disputans
694 3277 784 3362 paulo
807 3277 911 3344 durius
931 3281 1077 3364 protulit,
1109 3283 1238 3364 quadam

153 3384 273 3451 scilicet
294 3386 437 3468 opinione
458 3391 655 3468 pmevanars,
677 3391 739 3450 tam
762 3384 827 3450 diro
850 3385 1013 3450 confestim
1036 3393 1087 3453 est
1108 3389 1239 3455 traditus

152 3494 303 3575 metroni,
323 3499 361 3559 ut
368 3493 514 3561 humanas
526 3498 705 3582 egestiones
728 3496 776 3562 ori
791 3513 859 3575 suo,
882 3495 920 3561 ab
938 3515 977 3562 eo
1000 3499 1170 3583 suppletas,
1186 3503 1239 3566 in-

151 3609 287 3692 gereret
312 3603 400 3680 Quod
416 3603 568 3691 lagadun
590 3605 779 3690 purgationis
800 3606 900 3690 gratia
923 3625 961 3672 aa
982 3608 1130 3676 Dominus
1152 3613 1238 3677 intu-

149 3713 242 3794 lisse,
266 3731 315 3797 nox
330 3711 450 3778 scilicet
475 3715 506 3778 in
529 3731 569 3778 eo
586 3712 640 3781 vel
659 3715 864 3784 momentanei
885 3713 988 3781 delicti
1013 3717 1132 3784 macula
1152 3722 1239 3785 resi-

151 3823 261 3904 deret,
292 3823 458 3892 uelocitate
478 3825 645 3890 cuononis
668 3825 735 3888 eius
764 3829 857 3905 atque
880 3830 1008 3890 auctore
1028 3827 1155 3892 remedii
1178 3828 1239 3892 de·

151 3931 341 3994 monstravit.
384 3929 459 3992 Nam
483 3930 627 3995 continuo
654 3930 763 3998 abbate
788 3931 919 3997 blacario
942 3933 973 3996 in
996 3934 1135 3998 oratioue
1158 3935 1237 4022 sub·
1345 4001 1349 4015 ,

172 4191 200 4258 1)
219 4193 264 4250 Gt.
282 4198 413 4264 auara-st
433 4192 475 4252 lb
654 4237 657 4244 ,
731 4223 751 4246 ,ι
786 4231 788 4240 1

169 4280 200 4346 2)
220 4283 294 4337 oon.
312 4287 340 4340 v
358 4297 421 4353 aar.
445 4249 482 4340 ri
495 4289 536 4341 ea.
554 4289 574 4342 1.
593 4303 619 4354 p.
637 4289 698 4347 ess.

170 4373 201 4440 a)
220 4371 412 4442 uincires'r.
431 4379 500 4433 vill
517 4381 546 4434 r.
565 4383 604 4433 ΙΙΙ
621 4397 650 4447 p.
671 4382 731 4437 idi.
