2974 4964
669 355 911 453 ..so-7-

247 569 341 643 Quam
363 563 482 647 quidem
505 558 716 642 corruptelam,
738 555 818 636 quod
839 555 871 616 in
888 551 1117 616 membranaceo
1125 543 1232 609 codice
1253 543 1347 606 modo

248 673 411 761 Μακάριος
432 673 522 738 modo
541 666 674 752 Μάρκος
696 667 818 749 legion,
845 662 995 743 antiquam
1017 677 1096 738 esse,
1118 657 1173 722 sed
1191 653 1347 736 paullatim

248 801 361 880 tanturn
383 787 543 870 genuinam
563 799 690 846 vocem:
717 772 883 858 Μακάριος
913 779 1000 844 textu
1033 765 1187 851 expulisse
1218 763 1277 848 (ut
1298 772 1348 828 est

248 905 279 966 in
303 901 407 964 codice
428 889 623 975 chartaceo),
646 887 830 952 credideris.
874 881 1054 948 Auctoritati
1084 887 1185 944 autem
1207 877 1350 940 codicum

250 1006 524 1074 vindobonensium
534 1000 695 1066 lausiacae
716 997 768 1059 illo
789 1011 896 1057 errore
918 992 969 1055 vix
991 989 1151 1072 quidquam
1170 988 1352 1070 derogatur,

250 1137 379 1202 quorum
400 1120 497 1182 virtus
518 1115 550 1176 in
571 1129 609 1174 eo
630 1108 818 1192 potissimum
840 1103 985 1179 cernitur,
1007 1099 1088 1182 quod
1109 1115 1160 1162 res
1189 1099 1269 1162 iusto
1292 1116 1351 1160 or-

250 1233 319 1296 dine
341 1229 474 1310 mtegras
496 1229 630 1301 narrant,
662 1217 743 1299 quod
763 1216 795 1278 in
817 1212 998 1278 editionibus
1019 1207 1137 1292 graccis
1159 1213 1191 1269 et
1212 1206 1247 1272 iu
1266 1205 1352 1270 ller-

251 1344 313 1407 veti
335 1340 486 1416 versione,
504 1344 539 1399 ut
552 1331 736 1414 saepissime,
756 1329 799 1392 ita
818 1325 868 1388 hic
885 1339 1016 1405 quoque,
1038 1319 1240 1387 desideratur.

338 1450 398 1515 Sed
418 1450 503 1526 baec,
525 1461 602 1527 qnae
623 1441 770 1506 Palladius
793 1438 831 1502 de
851 1436 983 1501 blacerio
1005 1429 1212 1498 Alexandrino
1235 1425 1352 1503 retulit,

252 1581 333 1626 nunc
354 1559 473 1642 quidem
501 1559 655 1620 hactenus.
698 1551 858 1632 Reliquum
884 1555 941 1627 est,
969 1552 1004 1608 ut
1039 1543 1090 1642 ad·
1106 1555 1143 1606 ca
1173 1535 1354 1604 illustranda
1479 1535 1480 1540 ’

252 1691 347 1756 pauca
368 1687 551 1734 moneamus.
652 1679 653 1682 ’

338 1781 371 1864 s.
395 1747 445 1848 1¹9.
487 1779 535 1843 Ac
556 1777 683 1859 primurn
705 1767 825 1856 quidem
846 1789 900 1851 ee,
916 1763 1159 1856 quod-Palladius
1181 1768 1296 1836 narrat,
1319 1774 1356 1823 ae
1479 1837 1480 1858 ἶ

251 1907 363 1954 novem
384 1907 479 1954 annos
499 1889 531 1952 in
552 1887 652 1951 Celliis
674 1882 857 1950 seudellulis
878 1879 1002 1957 vixisse,
1023 1873 1184 1939 difficultas
1205 1869 1373 1961 quaedam·

237 2001 469 2086 'chronologica
490 1998 633 2060 nasmtnr.
677 1993 825 2058 Palladius
847 1992 937 2072 enim,
959 1988 1010 2070 qui
1030 2005 1067 2052 se
1088 2001 1167 2048 anne
1191 1981 1257 2048 388
1275 1979 1370 2044 Ales
1479 2057 1480 2070 ἵ

254 2112 408 2176 nandriam
429 2109 549 2174 venisse
570 2109 636 2188 ipse
657 2115 793 2181 testatur,
820 2103 909 2168 etiarn
936 2099 1039 2176 tradit,
1067 2115 1111 2176 se,
1141 2103 1304 2175 antequam
1325 2091 1358 2152 in
1479 2147 1480 2174 ,

135 2277 143 2290 .
255 2221 384 2284 Gallulas
406 2221 511 2298 abiret,
540 2229 604 2284 tres
633 2215 729 2280 annos*
755 2217 869 2279 circum
890 2208 1103 2276 Alexandriana
1114 2213 1146 2288 ¹),
1179 2215 1211 2270 et
1244 2219 1358 2266 annum
1479 2189 1480 2194 ’

253 2333 408 2415 integrum
428 2331 459 2394 in
481 2338 584 2394 monte
602 2329 717 2394 Nitriae
727 2331 749 2408 ²)
771 2327 931 2391 habitasse.
973 2324 1085 2398 Quare,
1118 2318 1145 2382 si
1174 2299 1360 2380 annibon-

255 2452 406 2526 putantur,
436 2451 504 2506 ante
534 2459 645 2504 *annum
672 2439 742 2503 ‘dol
778 2438 906 2502 Gallulas
939 2453 999 2498 non
1028 2431 1191 2512 reliquisse
1224 2425 1359 2490 videtur.

255 2557 363 2620 Fateor
385 2554 515 2638 quidem,
537 2554 646 2618 verba:
665 2547 733 2612 'Ena'
754 2545 810 2630 ἔτη
832 2545 916 2630 τρία,
937 2545 1046 2625 quibas
1067 2539 1266 2604 habitationis
1282 2553 1358 2598 suae
1479 2609 1480 2630 Χ

146 2695 154 2706 ·
257 2667 370 2728 nircum
383 2665 594 2729 Alexandriam
615 2674 731 2744 tempus
754 2659 912 2742 signifieat,
932 2673 994 2718 nou
1016 2653 1115 2717 solum
1131 2659 1195 2714 tres
1215 2649 1359 2729 integros
1479 2679 1480 2720 ,

258 2795 364 2856 annos,
394 2776 449 2838 sed
477 2777 564 2840 etiam
592 2782 658 2836 tres
683 2771 748 2834 lere
776 2786 870 2834 annos
898 2766 1033 2830 indicare
1053 2763 1188 2844 possed.
1231 2755 1361 2822 Etiamsi

258 2903 333 2948 vero
364 2885 422 2945 hoc
451 2893 624 2962 statuamus,
657 2889 742 2944 certe
769 2889 868 2944 tamen
889 2887 960 2942 ante
979 2891 1090 2940 aunum
1118 2871 1185 2936 400
1207 2867 1361 2934 Palladius
1479 2863 1480 2940 l

260 3013 300 3058 cx
321 2993 442 3055 Gellalis
465 3010 524 3054 non
547 2991 685 3054 decessit.
714 3027 722 3050 -.

346 3101 446 3180 Atque
459 3119 525 3162 curn
547 3101 603 3162 bac
624 3110 790 3182 temporum
813 3099 1016 3182 descriptione
1038 3095 1151 3177 optime
1171 3090 1363 3156 conveniunt
1479 3071 1480 3118 ³

260 3209 381 3272 Palladii
402 3211 504 3290 verba,
532 3211 628 3291 ipsum
650 3211 793 3274 tredecim
815 3227 918 3277 annos·
932 3207 1111 3271 monachum
1133 3205 1241 3284 luisse,
1270 3210 1364 3268 ante-

260 3337 348 3400 quam
369 3319 526 3399 episeopus
547 3321 674 3395 hareth.
716 3321 741 3384 E
764 3319 884 3384 cellulis
911 3320 990 3383 euim
1022 3316 1151 3381 afflictae
1177 3314 1365 3403 valetudinis

261 3445 360 3506 causa,
382 3436 416 3490 ut
435 3429 499 3509 ipse
513 3441 623 3510 narrat,
645 3429 866 3509 Alexandriam,
888 3429 997 3492 deinde
1019 3427 1209 3490 medicorum
1231 3423 1365 3489 consilio

199 3559 200 3562 ¹
261 3537 467 3620 hierosolyma
487 3541 681 3631 petilo-unde
702 3559 792 3621 quum
814 3541 846 3602 in
867 3539 1032 3620 Bithyniam
1054 3539 1203 3616 venisset,
1236 3536 1366 3616 episeo-
1479 3553 1480 3572 ¹

262 3663 317 3726 pns
339 3645 499 3712 ordinatus
528 3655 616 3725 esth.
667 3651 855 3730 Quapropter
882 3665 952 3711 eum
984 3666 1063 3712 anno
1092 3656 1163 3728 post
1197 3647 1367 3710 adventum
1479 3651 1480 3674 ³

261 3773 348 3818 suurn
370 3757 596 3822 tertiodecimo
617 3757 788 3840 Aegyptum
806 3757 978 3839 reliquisse,
1001 3766 1033 3822 ct
1054 3773 1134 3821 anno
1148 3755 1213 3822 401
1237 3755 1368 3838 episco-

265 3893 495 3908 -OE-——tnu—

293 3967 320 4032 1)
340 3967 405 4022 llist.
424 3967 500 4023 Laus.
520 3968 562 4024 ed.
582 3969 676 4026 Menas.
695 3984 751 4036 cap.
771 3969 789 4022 8
811 3967 877 4037 Opp.
898 3971 991 4026 lleum.
1012 3969 1031 4028 l.
1050 3969 1069 4027 l.
1089 3985 1116 4037 p.
1131 3969 1205 4027 560.

291 4055 319 4113 2)
339 4053 405 4120 lbid.
425 4069 451 4120 p.
473 4055 539 4125 361.

292 4137 320 4204 3)
341 4139 459 4190 Matthiae
477 4141 551 4196 Ausi.
572 4140 673 4197 Grieclr.
693 4139 846 4194 Grammatilr
866 4143 908 4198 ed.
929 4142 954 4195 ll
975 4143 1004 4200 l.
1024 4143 1051 4196 11
1071 4146 1098 4209 S.
1120 4144 1189 4198 586.

292 4221 321 4285 t)
342 4224 407 4280 llist.
426 4225 501 4282 Laus.
520 4227 561 4282 ed.
583 4227 676 4279 Meurs.
699 4229 801 4296 prolog.
824 4229 891 4296 Opp.
911 4231 1006 4286 Maura.
1028 4232 1046 4290 l.
1067 4233 1084 4290 l.
1106 4249 1134 4299 p.
1156 4228 1227 4286 340.

293 4309 321 4372 5)
340 4307 406 4366 lbid.
425 4327 482 4376 cap.
503 4309 540 4366 44
561 4313 627 4380 Opp.
642 4315 739 4370 ldeurs.
759 4315 777 4368 l.
796 4317 816 4374 l.
836 4331 861 4384 p.
881 4315 947 4372 bll-
