<?xml version="1.0" encoding="UTF-8"?>
<!DOCTYPE html PUBLIC "-//W3C//DTD XHTML 1.0 Transitional//EN"
    "http://www.w3.org/TR/xhtml1/DTD/xhtml1-transitional.dtd">
<html xmlns="http://www.w3.org/1999/xhtml" xml:lang="en" lang="en">
 <head>
  <title>
</title>
<meta http-equiv="Content-Type" content="text/html;charset=utf-8" />
  <meta name='ocr-system' content='tesseract 3.04.00' />
  <meta name='ocr-capabilities' content='ocr_page ocr_carea ocr_par ocr_line ocrx_word'/>
</head>
<body>
  <div class='ocr_page' id='page_1' title='image "./macariiaegyptii00macagoog_0053.png"; bbox 0 0 2990 4986; ppageno 0'>
   <div class='ocr_carea' id='block_1_1' title="bbox 677 449 922 523">
    <p class='ocr_par' dir='ltr' id='par_1_1' title="bbox 677 449 922 523">
     <span class='ocr_line' id='line_1_1' title="bbox 677 449 922 523; baseline -0.016 -15"><span class='ocrx_word' id='word_1_1' title='bbox 677 449 922 523; x_wconf 85' lang='lat'><strong>-38-</strong></span> 
     </span>
    </p>
   </div>
   <div class='ocr_carea' id='block_1_2' title="bbox 250 644 1349 948">
    <p class='ocr_par' dir='ltr' id='par_1_2' title="bbox 250 644 1349 948">
     <span class='ocr_line' id='line_1_2' title="bbox 251 644 1349 730; baseline -0.002 -24"><span class='ocrx_word' id='word_1_2' title='bbox 251 645 325 708; x_wconf 85' lang='lat' dir='ltr'>carii</span> <span class='ocrx_word' id='word_1_3' title='bbox 341 644 549 726; x_wconf 77' lang='lat' dir='ltr'><strong>Alexandrini,</strong></span> <span class='ocrx_word' id='word_1_4' title='bbox 571 650 768 730; x_wconf 88' lang='lat' dir='ltr'>egregiorum</span> <span class='ocrx_word' id='word_1_5' title='bbox 784 658 815 712; x_wconf 91' lang='lat' dir='ltr'>et</span> <span class='ocrx_word' id='word_1_6' title='bbox 839 650 1020 712; x_wconf 93' lang='lat' dir='ltr'>invictorum</span> <span class='ocrx_word' id='word_1_7' title='bbox 1043 647 1227 723; x_wconf 72' lang='lat' dir='ltr'>athletarum,</span> <span class='ocrx_word' id='word_1_8' title='bbox 1250 646 1349 708; x_wconf 88' lang='lat' dir='ltr'>hone-</span> 
     </span>
     <span class='ocr_line' id='line_1_3' title="bbox 250 755 1348 840; baseline -0.003 -22"><span class='ocrx_word' id='word_1_9' title='bbox 250 766 314 820; x_wconf 86' lang='lat' dir='ltr'>stae</span> <span class='ocrx_word' id='word_1_10' title='bbox 336 755 416 818; x_wconf 91' lang='lat' dir='ltr'>vitae</span> <span class='ocrx_word' id='word_1_11' title='bbox 437 757 608 836; x_wconf 89' lang='lat' dir='ltr'>certamina,</span> <span class='ocrx_word' id='word_1_12' title='bbox 630 767 791 840; x_wconf 89' lang='lat' dir='ltr'>quaesunt</span> <span class='ocrx_word' id='word_1_13' title='bbox 814 760 905 824; x_wconf 89' lang='lat' dir='ltr'>multa</span> <span class='ocrx_word' id='word_1_14' title='bbox 926 768 956 821; x_wconf 90' lang='lat' dir='ltr'>et</span> <span class='ocrx_word' id='word_1_15' title='bbox 971 777 1089 840; x_wconf 90' lang='lat' dir='ltr'>magna,</span> <span class='ocrx_word' id='word_1_16' title='bbox 1112 777 1223 821; x_wconf 87' lang='lat' dir='ltr'>vereor</span> <span class='ocrx_word' id='word_1_17' title='bbox 1246 758 1348 820; x_wconf 86' lang='lat' dir='ltr'>dicere</span> 
     </span>
     <span class='ocr_line' id='line_1_4' title="bbox 250 853 1349 948; baseline -0.002 -20"><span class='ocrx_word' id='word_1_18' title='bbox 250 876 282 928; x_wconf 88' lang='lat' dir='ltr'>et</span> <span class='ocrx_word' id='word_1_19' title='bbox 303 853 489 943; x_wconf 70' lang='lat' dir='ltr'>describere,</span> <span class='ocrx_word' id='word_1_20' title='bbox 511 885 550 929; x_wconf 90' lang='lat' dir='ltr'>na</span> <span class='ocrx_word' id='word_1_21' title='bbox 571 869 618 938; x_wconf 88' lang='lat' dir='ltr'>iis,</span> <span class='ocrx_word' id='word_1_22' title='bbox 640 871 691 948; x_wconf 85' lang='lat' dir='ltr'>qui</span> <span class='ocrx_word' id='word_1_23' title='bbox 712 870 780 932; x_wconf 91' lang='lat' dir='ltr'>talia</span> <span class='ocrx_word' id='word_1_24' title='bbox 803 871 900 932; x_wconf 91' lang='lat' dir='ltr'>minus</span> <span class='ocrx_word' id='word_1_25' title='bbox 921 879 1037 947; x_wconf 87' lang='lat' dir='ltr'>curant,</span> <span class='ocrx_word' id='word_1_26' title='bbox 1060 869 1187 930; x_wconf 89' lang='lat' dir='ltr'>mendax</span> <span class='ocrx_word' id='word_1_27' title='bbox 1207 885 1276 930; x_wconf 89' lang='lat' dir='ltr'>esse</span> <span class='ocrx_word' id='word_1_28' title='bbox 1299 868 1349 927; x_wconf 89' lang='lat' dir='ltr'>vi-</span> 
     </span>
    </p>
   </div>
   <div class='ocr_carea' id='block_1_3' title="bbox 247 976 1357 4482">
    <p class='ocr_par' dir='ltr' id='par_1_3' title="bbox 247 976 1357 4482">
     <span class='ocr_line' id='line_1_5' title="bbox 250 976 1349 1063; baseline -0.002 -24"><span class='ocrx_word' id='word_1_29' title='bbox 250 976 323 1039; x_wconf 86' lang='lat' dir='ltr'>dear</span> <span class='ocrx_word' id='word_1_30' title='bbox 358 987 482 1058; x_wconf 90' lang='lat' dir='ltr'>propter</span> <span class='ocrx_word' id='word_1_31' title='bbox 515 979 688 1042; x_wconf 80' lang='lat' dir='ltr'>immensam</span> <span class='ocrx_word' id='word_1_32' title='bbox 719 981 952 1063; x_wconf 83' lang='lat' dir='ltr'>magnitudinem</span> <span class='ocrx_word' id='word_1_33' title='bbox 981 979 1230 1042; x_wconf 83' lang='lat' dir='ltr'>exercitationum</span> <span class='ocrx_word' id='word_1_34' title='bbox 1268 978 1349 1038; x_wconf 90' lang='lat' dir='ltr'>vires</span> 
     </span>
     <span class='ocr_line' id='line_1_6' title="bbox 250 1073 1349 1172; baseline 0 -24"><span class='ocrx_word' id='word_1_35' title='bbox 250 1095 374 1150; x_wconf 90' lang='lat' dir='ltr'>naturae</span> <span class='ocrx_word' id='word_1_36' title='bbox 403 1089 624 1154; x_wconf 87' lang='lat' dir='ltr'>excedentium.</span> <span class='ocrx_word' id='word_1_37' title='bbox 661 1073 737 1154; x_wconf 49' lang='lat' dir='ltr'>&#39;Sed</span> <span class='ocrx_word' id='word_1_38' title='bbox 766 1099 796 1153; x_wconf 91' lang='lat' dir='ltr'>et</span> <span class='ocrx_word' id='word_1_39' title='bbox 828 1109 934 1154; x_wconf 90' lang='lat' dir='ltr'>eorum</span> <span class='ocrx_word' id='word_1_40' title='bbox 963 1091 1070 1172; x_wconf 87' lang='lat' dir='ltr'>gratia,</span> <span class='ocrx_word' id='word_1_41' title='bbox 1103 1089 1154 1170; x_wconf 91' lang='lat' dir='ltr'>qui</span> <span class='ocrx_word' id='word_1_42' title='bbox 1187 1088 1349 1150; x_wconf 88' lang='lat' dir='ltr'>virtutibus</span> 
     </span>
     <span class='ocr_line' id='line_1_7' title="bbox 250 1197 1350 1283; baseline -0.001 -22"><span class='ocrx_word' id='word_1_43' title='bbox 250 1197 374 1276; x_wconf 89' lang='lat' dir='ltr'>spiritus</span> <span class='ocrx_word' id='word_1_44' title='bbox 396 1199 495 1262; x_wconf 87' lang='lat' dir='ltr'>ornati</span> <span class='ocrx_word' id='word_1_45' title='bbox 517 1203 595 1277; x_wconf 78' lang='lat' dir='ltr'>dona</span> <span class='ocrx_word' id='word_1_46' title='bbox 617 1200 716 1263; x_wconf 90' lang='lat' dir='ltr'>divina</span> <span class='ocrx_word' id='word_1_47' title='bbox 738 1202 854 1280; x_wconf 86' lang='lat' dir='ltr'>experti</span> <span class='ocrx_word' id='word_1_48' title='bbox 879 1210 948 1264; x_wconf 92' lang='lat' dir='ltr'>sunt</span> <span class='ocrx_word' id='word_1_49' title='bbox 970 1202 1068 1283; x_wconf 84' lang='lat' dir='ltr'>dignis</span> <span class='ocrx_word' id='word_1_50' title='bbox 1090 1199 1259 1277; x_wconf 86' lang='lat' dir='ltr'>distributa,</span> <span class='ocrx_word' id='word_1_51' title='bbox 1282 1199 1350 1260; x_wconf 87' lang='lat' dir='ltr'>vir-</span> 
     </span>
     <span class='ocr_line' id='line_1_8' title="bbox 249 1310 1349 1398; baseline -0.001 -26"><span class='ocrx_word' id='word_1_52' title='bbox 249 1317 329 1372; x_wconf 88' lang='lat' dir='ltr'>tutes</span> <span class='ocrx_word' id='word_1_53' title='bbox 359 1310 507 1372; x_wconf 89' lang='lat' dir='ltr'>enarrabo</span> <span class='ocrx_word' id='word_1_54' title='bbox 535 1319 708 1376; x_wconf 91' lang='lat' dir='ltr'>sanctorum</span> <span class='ocrx_word' id='word_1_55' title='bbox 737 1313 954 1386; x_wconf 75' lang='lat' dir='ltr'>Maeandrum,</span> <span class='ocrx_word' id='word_1_56' title='bbox 994 1312 1044 1392; x_wconf 86' lang='lat' dir='ltr'>qni</span> <span class='ocrx_word' id='word_1_57' title='bbox 1073 1311 1192 1398; x_wconf 86' lang='lat' dir='ltr'>nomina</span> <span class='ocrx_word' id='word_1_58' title='bbox 1229 1328 1349 1390; x_wconf 86' lang='lat' dir='ltr'>quoque</span> 
     </span>
     <span class='ocr_line' id='line_1_9' title="bbox 250 1419 1349 1501; baseline -0.003 -20"><span class='ocrx_word' id='word_1_59' title='bbox 250 1419 360 1482; x_wconf 88' lang='lat' dir='ltr'>sanctis</span> <span class='ocrx_word' id='word_1_60' title='bbox 389 1419 451 1480; x_wconf 91' lang='lat' dir='ltr'>suis</span> <span class='ocrx_word' id='word_1_61' title='bbox 479 1421 692 1483; x_wconf 85' lang='lat' dir='ltr'>certaminibus</span> <span class='ocrx_word' id='word_1_62' title='bbox 721 1437 860 1483; x_wconf 87' lang='lat' dir='ltr'>asceseos</span> <span class='ocrx_word' id='word_1_63' title='bbox 888 1421 977 1501; x_wconf 89' lang='lat' dir='ltr'>digna</span> <span class='ocrx_word' id='word_1_64' title='bbox 1006 1419 1226 1500; x_wconf 51' lang='lat' dir='ltr'>possidebant</span> <span class='ocrx_word' id='word_1_65' title='bbox 1285 1421 1349 1490; x_wconf 81' lang='lat' dir='ltr'>Qua</span> 
     </span>
     <span class='ocr_line' id='line_1_10' title="bbox 250 1528 1351 1610; baseline -0.001 -20"><span class='ocrx_word' id='word_1_66' title='bbox 250 1528 398 1610; x_wconf 83' lang='lat' dir='ltr'>singulari</span> <span class='ocrx_word' id='word_1_67' title='bbox 420 1537 510 1609; x_wconf 90' lang='lat' dir='ltr'>atque</span> <span class='ocrx_word' id='word_1_68' title='bbox 532 1529 650 1593; x_wconf 90' lang='lat' dir='ltr'>insolita</span> <span class='ocrx_word' id='word_1_69' title='bbox 671 1530 894 1594; x_wconf 86' lang='lat' dir='ltr'>introductione</span> <span class='ocrx_word' id='word_1_70' title='bbox 923 1549 997 1592; x_wconf 91' lang='lat' dir='ltr'>usus</span> <span class='ocrx_word' id='word_1_71' title='bbox 1027 1530 1173 1592; x_wconf 87' lang='lat' dir='ltr'>Palladius</span> <span class='ocrx_word' id='word_1_72' title='bbox 1203 1529 1351 1592; x_wconf 88' lang='lat' dir='ltr'>Macarios</span> 
     </span>
     <span class='ocr_line' id='line_1_11' title="bbox 249 1640 1349 1721; baseline -0.004 -21"><span class='ocrx_word' id='word_1_73' title='bbox 249 1655 322 1700; x_wconf 89' lang='lat' dir='ltr'>sane</span> <span class='ocrx_word' id='word_1_74' title='bbox 344 1657 415 1718; x_wconf 87' lang='lat' dir='ltr'>prae</span> <span class='ocrx_word' id='word_1_75' title='bbox 437 1641 549 1702; x_wconf 90' lang='lat' dir='ltr'>ceteris</span> <span class='ocrx_word' id='word_1_76' title='bbox 571 1641 703 1718; x_wconf 89' lang='lat' dir='ltr'>senibus,</span> <span class='ocrx_word' id='word_1_77' title='bbox 738 1657 866 1720; x_wconf 91' lang='lat' dir='ltr'>quorum</span> <span class='ocrx_word' id='word_1_78' title='bbox 888 1657 938 1702; x_wconf 90' lang='lat' dir='ltr'>res</span> <span class='ocrx_word' id='word_1_79' title='bbox 967 1648 1069 1721; x_wconf 91' lang='lat' dir='ltr'>gestas</span> <span class='ocrx_word' id='word_1_80' title='bbox 1092 1640 1236 1716; x_wconf 90' lang='lat' dir='ltr'>narravit,</span> <span class='ocrx_word' id='word_1_81' title='bbox 1260 1655 1349 1718; x_wconf 85' lang='lat' dir='ltr'>mag-</span> 
     </span>
     <span class='ocr_line' id='line_1_12' title="bbox 250 1748 1349 1831; baseline -0.002 -23"><span class='ocrx_word' id='word_1_82' title='bbox 250 1766 364 1827; x_wconf 88' lang='lat' dir='ltr'>nopere</span> <span class='ocrx_word' id='word_1_83' title='bbox 390 1749 551 1828; x_wconf 85' lang='lat' dir='ltr'>praedicat.</span> <span class='ocrx_word' id='word_1_84' title='bbox 602 1750 649 1812; x_wconf 80' lang='lat' dir='ltr'>Ac</span> <span class='ocrx_word' id='word_1_85' title='bbox 675 1751 774 1831; x_wconf 89' lang='lat' dir='ltr'>pergit</span> <span class='ocrx_word' id='word_1_86' title='bbox 804 1750 843 1811; x_wconf 91' lang='lat' dir='ltr'>ita</span> <span class='ocrx_word' id='word_1_87' title='bbox 872 1767 1011 1811; x_wconf 88' lang='lat' dir='ltr'>narrare:</span> <span class='ocrx_word' id='word_1_88' title='bbox 1046 1751 1199 1827; x_wconf 90' lang='lat' dir='ltr'>„Primum</span> <span class='ocrx_word' id='word_1_89' title='bbox 1227 1748 1349 1828; x_wconf 87' lang='lat' dir='ltr'>quidem</span> 
     </span>
     <span class='ocr_line' id='line_1_13' title="bbox 249 1857 1349 1941; baseline -0.004 -21"><span class='ocrx_word' id='word_1_90' title='bbox 249 1857 372 1920; x_wconf 81' lang='lat' dir='ltr'>blacerii</span> <span class='ocrx_word' id='word_1_91' title='bbox 392 1858 546 1941; x_wconf 82' lang='lat' dir='ltr'>Aegyptii,</span> <span class='ocrx_word' id='word_1_92' title='bbox 568 1860 619 1938; x_wconf 88' lang='lat' dir='ltr'>qui</span> <span class='ocrx_word' id='word_1_93' title='bbox 647 1859 723 1922; x_wconf 87' lang='lat' dir='ltr'>vixit</span> <span class='ocrx_word' id='word_1_94' title='bbox 744 1860 881 1941; x_wconf 91' lang='lat' dir='ltr'>integros</span> <span class='ocrx_word' id='word_1_95' title='bbox 904 1859 1067 1940; x_wconf 86' lang='lat' dir='ltr'>nonaginta</span> <span class='ocrx_word' id='word_1_96' title='bbox 1086 1875 1190 1934; x_wconf 88' lang='lat' dir='ltr'>annos,</span> <span class='ocrx_word' id='word_1_97' title='bbox 1220 1861 1349 1920; x_wconf 91' lang='lat' dir='ltr'>virtutes</span> 
     </span>
     <span class='ocr_line' id='line_1_14' title="bbox 249 1968 1350 2050; baseline 0 -20"><span class='ocrx_word' id='word_1_98' title='bbox 249 1968 408 2048; x_wconf 72' lang='lat' dir='ltr'>proteram·</span> <span class='ocrx_word' id='word_1_99' title='bbox 454 1969 482 2032; x_wconf 91' lang='lat' dir='ltr'>ls</span> <span class='ocrx_word' id='word_1_100' title='bbox 504 1971 536 2030; x_wconf 92' lang='lat' dir='ltr'>in</span> <span class='ocrx_word' id='word_1_101' title='bbox 558 1969 747 2032; x_wconf 90' lang='lat' dir='ltr'>solitudinem</span> <span class='ocrx_word' id='word_1_102' title='bbox 775 1971 897 2050; x_wconf 86' lang='lat' dir='ltr'>triginta</span> <span class='ocrx_word' id='word_1_103' title='bbox 919 1988 1014 2032; x_wconf 92' lang='lat' dir='ltr'>annos</span> <span class='ocrx_word' id='word_1_104' title='bbox 1036 1978 1122 2031; x_wconf 90' lang='lat' dir='ltr'>natus</span> <span class='ocrx_word' id='word_1_105' title='bbox 1145 1969 1289 2044; x_wconf 88' lang='lat' dir='ltr'>ascendit,</span> <span class='ocrx_word' id='word_1_106' title='bbox 1319 1969 1350 2030; x_wconf 93' lang='lat' dir='ltr'>in</span> 
     </span>
     <span class='ocr_line' id='line_1_15' title="bbox 250 2078 1349 2160; baseline -0.002 -20"><span class='ocrx_word' id='word_1_107' title='bbox 250 2097 308 2158; x_wconf 88' lang='lat' dir='ltr'>qua</span> <span class='ocrx_word' id='word_1_108' title='bbox 338 2096 432 2140; x_wconf 88' lang='lat' dir='ltr'>anuos</span> <span class='ocrx_word' id='word_1_109' title='bbox 466 2079 624 2160; x_wconf 88' lang='lat' dir='ltr'>sexaginta</span> <span class='ocrx_word' id='word_1_110' title='bbox 659 2079 785 2159; x_wconf 89' lang='lat' dir='ltr'>peregit.</span> <span class='ocrx_word' id='word_1_111' title='bbox 837 2079 930 2141; x_wconf 80' lang='lat' dir='ltr'>Tanta</span> <span class='ocrx_word' id='word_1_112' title='bbox 962 2079 1082 2140; x_wconf 90' lang='lat' dir='ltr'>labores</span> <span class='ocrx_word' id='word_1_113' title='bbox 1119 2078 1349 2141; x_wconf 84' lang='lat' dir='ltr'>exercitationis</span> 
     </span>
     <span class='ocr_line' id='line_1_16' title="bbox 249 2187 1349 2270; baseline -0.002 -20"><span class='ocrx_word' id='word_1_114' title='bbox 249 2189 316 2250; x_wconf 92' lang='lat' dir='ltr'>tulit</span> <span class='ocrx_word' id='word_1_115' title='bbox 337 2189 519 2266; x_wconf 88' lang='lat' dir='ltr'>constantia,</span> <span class='ocrx_word' id='word_1_116' title='bbox 550 2197 583 2250; x_wconf 94' lang='lat' dir='ltr'>ut</span> <span class='ocrx_word' id='word_1_117' title='bbox 607 2196 675 2268; x_wconf 92' lang='lat' dir='ltr'>post</span> <span class='ocrx_word' id='word_1_118' title='bbox 697 2187 802 2250; x_wconf 87' lang='lat' dir='ltr'>decem</span> <span class='ocrx_word' id='word_1_119' title='bbox 825 2205 917 2251; x_wconf 91' lang='lat' dir='ltr'>annos</span> <span class='ocrx_word' id='word_1_120' title='bbox 939 2189 1050 2270; x_wconf 83' lang='lat' dir='ltr'>insigni</span> <span class='ocrx_word' id='word_1_121' title='bbox 1072 2190 1197 2268; x_wconf 89' lang='lat' dir='ltr'>quadam</span> <span class='ocrx_word' id='word_1_122' title='bbox 1219 2189 1349 2252; x_wconf 89' lang='lat' dir='ltr'>distinc-</span> 
     </span>
     <span class='ocr_line' id='line_1_17' title="bbox 248 2296 1350 2388; baseline 0.001 -29"><span class='ocrx_word' id='word_1_123' title='bbox 248 2299 332 2360; x_wconf 90' lang='lat' dir='ltr'>tione</span> <span class='ocrx_word' id='word_1_124' title='bbox 344 2298 454 2378; x_wconf 89' lang='lat' dir='ltr'>dignus</span> <span class='ocrx_word' id='word_1_125' title='bbox 466 2297 583 2388; x_wconf 85' lang='lat' dir='ltr'>habitus</span> <span class='ocrx_word' id='word_1_126' title='bbox 599 2296 852 2378; x_wconf 75' lang='grc' dir='ltr'><em>παιδαριογέρων</em></span> <span class='ocrx_word' id='word_1_127' title='bbox 865 2307 1037 2376; x_wconf 89' lang='lat' dir='ltr'>vocaretur,</span> <span class='ocrx_word' id='word_1_128' title='bbox 1059 2301 1128 2379; x_wconf 90' lang='lat' dir='ltr'>quia</span> <span class='ocrx_word' id='word_1_129' title='bbox 1140 2301 1237 2377; x_wconf 91' lang='lat' dir='ltr'>citius,</span> <span class='ocrx_word' id='word_1_130' title='bbox 1260 2317 1350 2380; x_wconf 87' lang='lat' dir='ltr'>quam</span> 
     </span>
     <span class='ocr_line' id='line_1_18' title="bbox 249 2407 1350 2489; baseline 0.001 -20"><span class='ocrx_word' id='word_1_131' title='bbox 249 2425 305 2488; x_wconf 91' lang='lat' dir='ltr'>pro</span> <span class='ocrx_word' id='word_1_132' title='bbox 329 2417 435 2486; x_wconf 88' lang='lat' dir='ltr'>aetate,</span> <span class='ocrx_word' id='word_1_133' title='bbox 458 2408 619 2472; x_wconf 89' lang='lat' dir='ltr'>virtutibus</span> <span class='ocrx_word' id='word_1_134' title='bbox 642 2407 821 2488; x_wconf 86' lang='lat' dir='ltr'>profecerat.</span> <span class='ocrx_word' id='word_1_135' title='bbox 850 2407 1051 2489; x_wconf 82' lang='lat' dir='ltr'>Quadraginta</span> <span class='ocrx_word' id='word_1_136' title='bbox 1073 2411 1152 2471; x_wconf 91' lang='lat' dir='ltr'>enim</span> <span class='ocrx_word' id='word_1_137' title='bbox 1175 2427 1270 2472; x_wconf 91' lang='lat' dir='ltr'>annos</span> <span class='ocrx_word' id='word_1_138' title='bbox 1291 2427 1350 2470; x_wconf 88' lang='lat' dir='ltr'>na-</span> 
     </span>
     <span class='ocr_line' id='line_1_19' title="bbox 248 2517 1349 2600; baseline -0.001 -19"><span class='ocrx_word' id='word_1_139' title='bbox 248 2527 298 2582; x_wconf 89' lang='lat' dir='ltr'>tus</span> <span class='ocrx_word' id='word_1_140' title='bbox 321 2527 498 2599; x_wconf 90' lang='lat' dir='ltr'>potestatem</span> <span class='ocrx_word' id='word_1_141' title='bbox 521 2517 690 2597; x_wconf 88' lang='lat' dir='ltr'>expellendi</span> <span class='ocrx_word' id='word_1_142' title='bbox 712 2517 883 2596; x_wconf 89' lang='lat' dir='ltr'>daemones,</span> <span class='ocrx_word' id='word_1_143' title='bbox 912 2521 1037 2600; x_wconf 89' lang='lat' dir='ltr'>gratiam</span> <span class='ocrx_word' id='word_1_144' title='bbox 1061 2521 1225 2582; x_wconf 90' lang='lat' dir='ltr'>curationis</span> <span class='ocrx_word' id='word_1_145' title='bbox 1254 2518 1349 2596; x_wconf 88' lang='lat' dir='ltr'>spiri-</span> 
     </span>
     <span class='ocr_line' id='line_1_20' title="bbox 248 2628 1350 2708; baseline -0.002 -16"><span class='ocrx_word' id='word_1_146' title='bbox 248 2638 370 2708; x_wconf 90' lang='lat' dir='ltr'>tumque</span> <span class='ocrx_word' id='word_1_147' title='bbox 399 2629 573 2708; x_wconf 89' lang='lat' dir='ltr'>prophetiae</span> <span class='ocrx_word' id='word_1_148' title='bbox 609 2629 725 2708; x_wconf 89' lang='lat' dir='ltr'>accepit</span> <span class='ocrx_word' id='word_1_149' title='bbox 753 2638 784 2693; x_wconf 90' lang='lat' dir='ltr'>et</span> <span class='ocrx_word' id='word_1_150' title='bbox 816 2628 984 2690; x_wconf 91' lang='lat' dir='ltr'>honorabili</span> <span class='ocrx_word' id='word_1_151' title='bbox 1020 2647 1139 2708; x_wconf 82' lang='lat' dir='ltr'>quoque</span> <span class='ocrx_word' id='word_1_152' title='bbox 1175 2629 1350 2691; x_wconf 90' lang='lat' dir='ltr'>sacerdotio</span> 
     </span>
     <span class='ocr_line' id='line_1_21' title="bbox 248 2737 1352 2820; baseline 0.001 -20"><span class='ocrx_word' id='word_1_153' title='bbox 248 2740 357 2820; x_wconf 90' lang='lat' dir='ltr'>dignus</span> <span class='ocrx_word' id='word_1_154' title='bbox 379 2741 564 2803; x_wconf 88' lang='lat' dir='ltr'>existimatus</span> <span class='ocrx_word' id='word_1_155' title='bbox 587 2749 641 2804; x_wconf 89' lang='lat' dir='ltr'>est.</span> <span class='ocrx_word' id='word_1_156' title='bbox 686 2738 759 2800; x_wconf 86' lang='lat' dir='ltr'>Cum</span> <span class='ocrx_word' id='word_1_157' title='bbox 788 2739 854 2818; x_wconf 91' lang='lat' dir='ltr'>ipsc</span> <span class='ocrx_word' id='word_1_158' title='bbox 877 2737 937 2800; x_wconf 94' lang='lat' dir='ltr'>duo</span> <span class='ocrx_word' id='word_1_159' title='bbox 965 2739 1133 2802; x_wconf 89' lang='lat' dir='ltr'>habitabant</span> <span class='ocrx_word' id='word_1_160' title='bbox 1157 2740 1296 2818; x_wconf 91' lang='lat' dir='ltr'>discipuli</span> <span class='ocrx_word' id='word_1_161' title='bbox 1320 2745 1352 2801; x_wconf 95' lang='lat' dir='ltr'>in</span> 
     </span>
     <span class='ocr_line' id='line_1_22' title="bbox 248 2847 1352 2930; baseline 0.004 -22"><span class='ocrx_word' id='word_1_162' title='bbox 248 2849 350 2910; x_wconf 92' lang='lat' dir='ltr'>intima</span> <span class='ocrx_word' id='word_1_163' title='bbox 377 2850 548 2924; x_wconf 91' lang='lat' dir='ltr'>solitudine,</span> <span class='ocrx_word' id='word_1_164' title='bbox 576 2867 653 2926; x_wconf 86' lang='lat' dir='ltr'>quae</span> <span class='ocrx_word' id='word_1_165' title='bbox 675 2858 801 2909; x_wconf 88' lang='lat' dir='ltr'>vocatur</span> <span class='ocrx_word' id='word_1_166' title='bbox 823 2847 920 2910; x_wconf 89' lang='lat' dir='ltr'>Scete.</span> <span class='ocrx_word' id='word_1_167' title='bbox 966 2849 1100 2922; x_wconf 81' lang='lat' dir='ltr'>Quorum</span> <span class='ocrx_word' id='word_1_168' title='bbox 1130 2867 1208 2910; x_wconf 92' lang='lat' dir='ltr'>unns</span> <span class='ocrx_word' id='word_1_169' title='bbox 1229 2867 1352 2930; x_wconf 90' lang='lat' dir='ltr'>semper</span> 
     </span>
     <span class='ocr_line' id='line_1_23' title="bbox 249 2957 1351 3036; baseline 0.004 -20"><span class='ocrx_word' id='word_1_170' title='bbox 249 2975 342 3036; x_wconf 89' lang='lat' dir='ltr'>prope</span> <span class='ocrx_word' id='word_1_171' title='bbox 364 2957 446 3018; x_wconf 92' lang='lat' dir='ltr'>illum</span> <span class='ocrx_word' id='word_1_172' title='bbox 469 2967 533 3018; x_wconf 89' lang='lat' dir='ltr'>erat</span> <span class='ocrx_word' id='word_1_173' title='bbox 555 2973 660 3018; x_wconf 90' lang='lat' dir='ltr'>eorum</span> <span class='ocrx_word' id='word_1_174' title='bbox 682 2973 782 3034; x_wconf 89' lang='lat' dir='ltr'>causa,</span> <span class='ocrx_word' id='word_1_175' title='bbox 811 2957 863 3036; x_wconf 92' lang='lat' dir='ltr'>qni</span> <span class='ocrx_word' id='word_1_176' title='bbox 886 2957 1055 3036; x_wconf 85' lang='lat' dir='ltr'>veniebant,</span> <span class='ocrx_word' id='word_1_177' title='bbox 1087 2966 1119 3019; x_wconf 89' lang='lat' dir='ltr'>nt</span> <span class='ocrx_word' id='word_1_178' title='bbox 1149 2967 1334 3020; x_wconf 90' lang='lat' dir='ltr'>curarentur</span> <span class='ocrx_word' id='word_1_179' title='bbox 1342 2979 1351 3033; x_wconf 95' lang='lat'>;</span> 
     </span>
     <span class='ocr_line' id='line_1_24' title="bbox 248 3065 1353 3148; baseline 0.004 -20"><span class='ocrx_word' id='word_1_180' title='bbox 248 3067 324 3129; x_wconf 91' lang='lat' dir='ltr'>alter</span> <span class='ocrx_word' id='word_1_181' title='bbox 353 3084 492 3148; x_wconf 82' lang='lat' dir='ltr'>seorsum</span> <span class='ocrx_word' id='word_1_182' title='bbox 521 3065 643 3128; x_wconf 88' lang='lat' dir='ltr'>sedebat</span> <span class='ocrx_word' id='word_1_183' title='bbox 672 3067 702 3126; x_wconf 94' lang='lat' dir='ltr'>in</span> <span class='ocrx_word' id='word_1_184' title='bbox 741 3067 862 3146; x_wconf 90' lang='lat' dir='ltr'>propria</span> <span class='ocrx_word' id='word_1_185' title='bbox 892 3067 976 3129; x_wconf 89' lang='lat' dir='ltr'>cella.</span> <span class='ocrx_word' id='word_1_186' title='bbox 1033 3069 1220 3132; x_wconf 89' lang='lat' dir='ltr'>Procedente</span> <span class='ocrx_word' id='word_1_187' title='bbox 1250 3079 1353 3133; x_wconf 90' lang='lat' dir='ltr'>autem</span> 
     </span>
     <span class='ocr_line' id='line_1_25' title="bbox 248 3175 1353 3259; baseline 0.003 -20"><span class='ocrx_word' id='word_1_188' title='bbox 248 3187 384 3255; x_wconf 91' lang='lat' dir='ltr'>tempore</span> <span class='ocrx_word' id='word_1_189' title='bbox 406 3176 453 3236; x_wconf 92' lang='lat' dir='ltr'>vir</span> <span class='ocrx_word' id='word_1_190' title='bbox 476 3183 596 3237; x_wconf 89' lang='lat' dir='ltr'>sanctus</span> <span class='ocrx_word' id='word_1_191' title='bbox 623 3175 789 3254; x_wconf 89' lang='lat' dir='ltr'>perspicaci</span> <span class='ocrx_word' id='word_1_192' title='bbox 811 3175 899 3238; x_wconf 91' lang='lat' dir='ltr'>oculo</span> <span class='ocrx_word' id='word_1_193' title='bbox 922 3179 1111 3256; x_wconf 89' lang='lat' dir='ltr'>praevidens,</span> <span class='ocrx_word' id='word_1_194' title='bbox 1141 3179 1181 3256; x_wconf 87' lang='lat' dir='ltr'>ci,</span> <span class='ocrx_word' id='word_1_195' title='bbox 1211 3183 1262 3259; x_wconf 88' lang='lat' dir='ltr'>qui</span> <span class='ocrx_word' id='word_1_196' title='bbox 1293 3181 1353 3242; x_wconf 88' lang='lat' dir='ltr'>sibi</span> 
     </span>
     <span class='ocr_line' id='line_1_26' title="bbox 248 3284 1354 3369; baseline 0.005 -21"><span class='ocrx_word' id='word_1_197' title='bbox 248 3287 444 3363; x_wconf 89' lang='lat' dir='ltr'>ministrabat,</span> <span class='ocrx_word' id='word_1_198' title='bbox 466 3284 590 3347; x_wconf 89' lang='lat' dir='ltr'>Joannis</span> <span class='ocrx_word' id='word_1_199' title='bbox 618 3287 748 3366; x_wconf 92' lang='lat' dir='ltr'>nomine,</span> <span class='ocrx_word' id='word_1_200' title='bbox 782 3287 833 3366; x_wconf 91' lang='lat' dir='ltr'>qni</span> <span class='ocrx_word' id='word_1_201' title='bbox 861 3295 966 3366; x_wconf 89' lang='lat' dir='ltr'>postca</span> <span class='ocrx_word' id='word_1_202' title='bbox 995 3289 1155 3369; x_wconf 78' lang='lat' dir='ltr'>presbyter</span> <span class='ocrx_word' id='word_1_203' title='bbox 1183 3289 1280 3354; x_wconf 87' lang='lat' dir='ltr'>lactus</span> <span class='ocrx_word' id='word_1_204' title='bbox 1303 3299 1354 3354; x_wconf 89' lang='lat' dir='ltr'>est</span> 
     </span>
     <span class='ocr_line' id='line_1_27' title="bbox 247 3395 1353 3484; baseline 0.004 -25"><span class='ocrx_word' id='word_1_205' title='bbox 247 3399 278 3459; x_wconf 93' lang='lat' dir='ltr'>in</span> <span class='ocrx_word' id='word_1_206' title='bbox 307 3397 400 3475; x_wconf 91' lang='lat' dir='ltr'>ipsius</span> <span class='ocrx_word' id='word_1_207' title='bbox 433 3397 546 3456; x_wconf 82' lang='lat' dir='ltr'>vicem:</span> <span class='ocrx_word' id='word_1_208' title='bbox 579 3395 667 3472; x_wconf 79' lang='lat' dir='ltr'>Audi,</span> <span class='ocrx_word' id='word_1_209' title='bbox 697 3397 802 3477; x_wconf 87' lang='lat' dir='ltr'>inquit,</span> <span class='ocrx_word' id='word_1_210' title='bbox 830 3396 941 3477; x_wconf 88' lang='lat' dir='ltr'>frater,</span> <span class='ocrx_word' id='word_1_211' title='bbox 978 3417 1074 3460; x_wconf 89' lang='lat' dir='ltr'>meam</span> <span class='ocrx_word' id='word_1_212' title='bbox 1104 3400 1353 3484; x_wconf 87' lang='lat' dir='ltr'>admonitionem,</span> 
     </span>
     <span class='ocr_line' id='line_1_28' title="bbox 248 3507 1353 3591; baseline 0.005 -23"><span class='ocrx_word' id='word_1_213' title='bbox 248 3508 387 3585; x_wconf 87' lang='lat' dir='ltr'>quoniam</span> <span class='ocrx_word' id='word_1_214' title='bbox 417 3516 447 3569; x_wconf 93' lang='lat' dir='ltr'>te</span> <span class='ocrx_word' id='word_1_215' title='bbox 475 3513 570 3570; x_wconf 88' lang='lat' dir='ltr'>tentat</span> <span class='ocrx_word' id='word_1_216' title='bbox 597 3507 718 3586; x_wconf 90' lang='lat' dir='ltr'>spiritus</span> <span class='ocrx_word' id='word_1_217' title='bbox 749 3508 900 3570; x_wconf 89' lang='lat' dir='ltr'>avaritiae.</span> <span class='ocrx_word' id='word_1_218' title='bbox 945 3507 989 3570; x_wconf 88' lang='lat' dir='ltr'>lta</span> <span class='ocrx_word' id='word_1_219' title='bbox 1011 3511 1089 3570; x_wconf 89' lang='lat' dir='ltr'>enim</span> <span class='ocrx_word' id='word_1_220' title='bbox 1112 3511 1253 3590; x_wconf 90' lang='lat' dir='ltr'>equidem</span> <span class='ocrx_word' id='word_1_221' title='bbox 1277 3512 1353 3591; x_wconf 88' lang='lat' dir='ltr'>vidi,</span> 
     </span>
     <span class='ocr_line' id='line_1_29' title="bbox 249 3617 1354 3702; baseline 0.005 -24"><span class='ocrx_word' id='word_1_222' title='bbox 249 3635 346 3695; x_wconf 84' lang='lat' dir='ltr'>neque</span> <span class='ocrx_word' id='word_1_223' title='bbox 368 3617 488 3697; x_wconf 88' lang='lat' dir='ltr'>ignaru,</span> <span class='ocrx_word' id='word_1_224' title='bbox 510 3617 536 3678; x_wconf 93' lang='lat' dir='ltr'>si</span> <span class='ocrx_word' id='word_1_225' title='bbox 559 3635 654 3678; x_wconf 86' lang='lat' dir='ltr'>meam</span> <span class='ocrx_word' id='word_1_226' title='bbox 677 3637 773 3697; x_wconf 87' lang='lat' dir='ltr'>aequo</span> <span class='ocrx_word' id='word_1_227' title='bbox 796 3620 895 3680; x_wconf 90' lang='lat' dir='ltr'>animo</span> <span class='ocrx_word' id='word_1_228' title='bbox 919 3619 1023 3681; x_wconf 91' lang='lat' dir='ltr'>tuleris</span> <span class='ocrx_word' id='word_1_229' title='bbox 1045 3621 1297 3702; x_wconf 88' lang='lat' dir='ltr'>exhortationem,</span> <span class='ocrx_word' id='word_1_230' title='bbox 1320 3625 1354 3685; x_wconf 91' lang='lat' dir='ltr'>in</span> 
     </span>
     <span class='ocr_line' id='line_1_30' title="bbox 249 3727 1354 3813; baseline 0.005 -24"><span class='ocrx_word' id='word_1_231' title='bbox 249 3727 410 3806; x_wconf 90' lang='lat' dir='ltr'>opereDei</span> <span class='ocrx_word' id='word_1_232' title='bbox 431 3727 572 3790; x_wconf 91' lang='lat' dir='ltr'>hocloco</span> <span class='ocrx_word' id='word_1_233' title='bbox 593 3737 865 3790; x_wconf 88' lang='lat' dir='ltr'>consummaturum</span> <span class='ocrx_word' id='word_1_234' title='bbox 888 3738 917 3790; x_wconf 89' lang='lat' dir='ltr'>tc</span> <span class='ocrx_word' id='word_1_235' title='bbox 940 3748 1008 3792; x_wconf 89' lang='lat' dir='ltr'>csse</span> <span class='ocrx_word' id='word_1_236' title='bbox 1031 3731 1261 3813; x_wconf 88' lang='lat' dir='ltr'>gloriosumque</span> <span class='ocrx_word' id='word_1_237' title='bbox 1283 3733 1354 3796; x_wconf 87' lang='lat' dir='ltr'>fore</span> 
     </span>
     <span class='ocr_line' id='line_1_31' title="bbox 249 3837 1355 3920; baseline 0.005 -20"><span class='ocrx_word' id='word_1_238' title='bbox 249 3847 279 3900; x_wconf 91' lang='lat' dir='ltr'>ct</span> <span class='ocrx_word' id='word_1_239' title='bbox 307 3837 457 3920; x_wconf 85' lang='lat' dir='ltr'>flagellum</span> <span class='ocrx_word' id='word_1_240' title='bbox 486 3856 547 3901; x_wconf 92' lang='lat' dir='ltr'>non</span> <span class='ocrx_word' id='word_1_241' title='bbox 576 3840 880 3918; x_wconf 88' lang='lat' dir='ltr'>appropinquaturum</span> <span class='ocrx_word' id='word_1_242' title='bbox 915 3841 1108 3905; x_wconf 89' lang='lat' dir='ltr'>tabernaculo</span> <span class='ocrx_word' id='word_1_243' title='bbox 1136 3854 1199 3907; x_wconf 90' lang='lat' dir='ltr'>tuo.</span> <span class='ocrx_word' id='word_1_244' title='bbox 1252 3844 1295 3908; x_wconf 86' lang='lat' dir='ltr'>At</span> <span class='ocrx_word' id='word_1_245' title='bbox 1325 3847 1355 3906; x_wconf 93' lang='lat' dir='ltr'>si</span> 
     </span>
     <span class='ocr_line' id='line_1_32' title="bbox 248 3949 1355 4030; baseline 0.007 -20"><span class='ocrx_word' id='word_1_246' title='bbox 248 3958 378 4012; x_wconf 87' lang='lat' dir='ltr'>me&#39;non</span> <span class='ocrx_word' id='word_1_247' title='bbox 401 3949 542 4027; x_wconf 89' lang='lat' dir='ltr'>audieris,</span> <span class='ocrx_word' id='word_1_248' title='bbox 565 3949 647 4012; x_wconf 86' lang='lat' dir='ltr'>Giezi</span> <span class='ocrx_word' id='word_1_249' title='bbox 669 3949 752 4012; x_wconf 90' lang='lat' dir='ltr'>inte</span> <span class='ocrx_word' id='word_1_250' title='bbox 774 3949 840 4012; x_wconf 89' lang='lat' dir='ltr'>finis</span> <span class='ocrx_word' id='word_1_251' title='bbox 863 3953 975 4030; x_wconf 80' lang='lat' dir='ltr'>veniet,</span> <span class='ocrx_word' id='word_1_252' title='bbox 1005 3955 1091 4016; x_wconf 92' lang='lat' dir='ltr'>cuius</span> <span class='ocrx_word' id='word_1_253' title='bbox 1119 3963 1150 4016; x_wconf 90' lang='lat' dir='ltr'>ct</span> <span class='ocrx_word' id='word_1_254' title='bbox 1171 3956 1279 4018; x_wconf 90' lang='lat' dir='ltr'>morbo</span> <span class='ocrx_word' id='word_1_255' title='bbox 1302 3956 1355 4018; x_wconf 88' lang='lat' dir='ltr'>la·</span> 
     </span>
     <span class='ocr_line' id='line_1_33' title="bbox 248 4059 1354 4142; baseline 0.008 -23"><span class='ocrx_word' id='word_1_256' title='bbox 248 4059 347 4121; x_wconf 88' lang='lat' dir='ltr'>boras.</span> <span class='ocrx_word' id='word_1_257' title='bbox 392 4059 472 4120; x_wconf 90' lang='lat' dir='ltr'>llaec</span> <span class='ocrx_word' id='word_1_258' title='bbox 495 4059 573 4121; x_wconf 91' lang='lat' dir='ltr'>dicta</span> <span class='ocrx_word' id='word_1_259' title='bbox 595 4069 664 4122; x_wconf 92' lang='lat' dir='ltr'>sunt</span> <span class='ocrx_word' id='word_1_260' title='bbox 677 4059 809 4138; x_wconf 88' lang='lat' dir='ltr'>quinque</span> <span class='ocrx_word' id='word_1_261' title='bbox 831 4078 924 4122; x_wconf 93' lang='lat' dir='ltr'>annos</span> <span class='ocrx_word' id='word_1_262' title='bbox 939 4062 1098 4142; x_wconf 79' lang='lat' dir='ltr'>antequam</span> <span class='ocrx_word' id='word_1_263' title='bbox 1119 4075 1242 4128; x_wconf 91' lang='lat' dir='ltr'>sanctus</span> <span class='ocrx_word' id='word_1_264' title='bbox 1265 4067 1354 4128; x_wconf 92' lang='lat' dir='ltr'>obiit.</span> 
     </span>
     <span class='ocr_line' id='line_1_34' title="bbox 248 4168 1357 4252; baseline 0.01 -24"><span class='ocrx_word' id='word_1_265' title='bbox 248 4168 286 4229; x_wconf 85' lang='lat' dir='ltr'>Et</span> <span class='ocrx_word' id='word_1_266' title='bbox 307 4170 474 4246; x_wconf 79' lang='lat' dir='ltr'>quindecim</span> <span class='ocrx_word' id='word_1_267' title='bbox 497 4171 582 4231; x_wconf 87' lang='lat' dir='ltr'>annis</span> <span class='ocrx_word' id='word_1_268' title='bbox 604 4177 671 4247; x_wconf 91' lang='lat' dir='ltr'>post</span> <span class='ocrx_word' id='word_1_269' title='bbox 693 4180 819 4233; x_wconf 92' lang='lat' dir='ltr'>mortem</span> <span class='ocrx_word' id='word_1_270' title='bbox 841 4171 964 4233; x_wconf 83' lang='lat' dir='ltr'>Macarii</span> <span class='ocrx_word' id='word_1_271' title='bbox 993 4191 1084 4252; x_wconf 86' lang='lat' dir='ltr'>quum</span> <span class='ocrx_word' id='word_1_272' title='bbox 1106 4173 1241 4239; x_wconf 84' lang='lat' dir='ltr'>loannes</span> <span class='ocrx_word' id='word_1_273' title='bbox 1271 4179 1357 4240; x_wconf 89' lang='lat' dir='ltr'>bona</span> 
     </span>
     <span class='ocr_line' id='line_1_35' title="bbox 248 4279 1356 4368; baseline 0.014 -33"><span class='ocrx_word' id='word_1_274' title='bbox 248 4295 411 4356; x_wconf 92' lang='lat' dir='ltr'>pauperum</span> <span class='ocrx_word' id='word_1_275' title='bbox 440 4281 608 4353; x_wconf 87' lang='lat' dir='ltr'>avertisset,</span> <span class='ocrx_word' id='word_1_276' title='bbox 631 4280 670 4340; x_wconf 90' lang='lat' dir='ltr'>ita</span> <span class='ocrx_word' id='word_1_277' title='bbox 692 4279 837 4342; x_wconf 90' lang='lat' dir='ltr'>laboravit</span> <span class='ocrx_word' id='word_1_278' title='bbox 865 4281 1067 4362; x_wconf 88' lang='lat' dir='ltr'>elephantiasi,</span> <span class='ocrx_word' id='word_1_279' title='bbox 1091 4295 1124 4348; x_wconf 90' lang='lat' dir='ltr'>ut</span> <span class='ocrx_word' id='word_1_280' title='bbox 1157 4288 1187 4348; x_wconf 93' lang='lat' dir='ltr'>in</span> <span class='ocrx_word' id='word_1_281' title='bbox 1218 4307 1356 4368; x_wconf 88' lang='lat' dir='ltr'>corpore</span> 
     </span>
     <span class='ocr_line' id='line_1_36' title="bbox 249 4377 1356 4482; baseline 0.012 -33"><span class='ocrx_word' id='word_1_282' title='bbox 249 4388 314 4450; x_wconf 90' lang='lat' dir='ltr'>eius</span> <span class='ocrx_word' id='word_1_283' title='bbox 336 4406 396 4448; x_wconf 93' lang='lat' dir='ltr'>non</span> <span class='ocrx_word' id='word_1_284' title='bbox 417 4389 605 4452; x_wconf 85' lang='lat' dir='ltr'>inveniretur</span> <span class='ocrx_word' id='word_1_285' title='bbox 626 4390 745 4470; x_wconf 88' lang='lat' dir='ltr'>integer</span> <span class='ocrx_word' id='word_1_286' title='bbox 767 4391 862 4467; x_wconf 93' lang='lat' dir='ltr'>locus,</span> <span class='ocrx_word' id='word_1_287' title='bbox 884 4391 915 4453; x_wconf 87' lang='lat' dir='ltr'>in</span> <span class='ocrx_word' id='word_1_288' title='bbox 928 4377 997 4472; x_wconf 38' lang='lat' dir='ltr'>‘quo</span> <span class='ocrx_word' id='word_1_289' title='bbox 1010 4397 1077 4474; x_wconf 90' lang='lat' dir='ltr'>quis</span> <span class='ocrx_word' id='word_1_290' title='bbox 1100 4397 1227 4480; x_wconf 91' lang='lat' dir='ltr'>digitum</span> <span class='ocrx_word' id='word_1_291' title='bbox 1252 4399 1356 4482; x_wconf 82' lang='lat' dir='ltr'>ligere</span> 
     </span>
    </p>
   </div>
   <div class='ocr_carea' id='block_1_4' title="bbox 0 0 1502 4986">
    <p class='ocr_par' dir='ltr' id='par_1_4' title="bbox 0 0 1502 4986">
     <span class='ocr_line' id='line_1_37' title="bbox 0 0 1502 4986; baseline 0 0"><span class='ocrx_word' id='word_1_292' title='bbox 0 0 1502 4986; x_wconf 95' lang='lat' dir='ltr'> </span> 
     </span>
    </p>
   </div>
  </div>
 </body>
</html>
