2974 4964
564 321 879 429 mor-¹

133 521 353 606 Acgyptiorum
375 524 538 604 iussuque,
558 529 593 584 ut
613 523 744 603 videtur,
766 523 927 588 Pharaonis
940 523 1118 590 adornatum
1132 525 1236 608 hdssc,

135 633 290 700 aPalladio
301 634 384 698 haud
399 633 532 706 obscure
544 633 714 709 iudicatum
736 649 830 714 quare
851 635 886 697 ab
908 635 1004 698 hortis
1026 637 1162 720 magicis,
1184 641 1237 720 qui

134 744 215 808 haud
243 762 315 808 raro
343 745 500 828 leguntur,
529 743 580 808 illo
607 743 837 827 distinguendus
869 761 940 809 esser
960 744 1133 830 videturs).
1176 747 1235 812 Sed

135 855 173 920 ad
195 863 300 918 cetera
321 855 486 918 veniamus.

222 964 375 1028 Macarius
397 965 539 1045 aspidem,
572 983 591 1027 a
611 981 671 1046 qua
690 964 723 1028 iu
743 972 836 1045 puteo
858 965 896 1028 ad
924 966 1108 1031 recreandos
1128 965 1238 1031 fratres

135 1073 280 1139 fodiendo
299 1075 503 1155 mordebatur,
524 1075 594 1141 inde
616 1093 634 1138 a
655 1074 791 1140 faucibus
814 1093 940 1155 prorsus
951 1077 1119 1158 discerpsit.
1149 1078 1239 1160 lsqua

135 1203 205 1250 mos
216 1185 295 1266 apud
305 1185 486 1250 Mamelucos
499 1186 661 1250 hodiedum
672 1187 810 1266 obtinuit,
833 1187 884 1267 qui
906 1206 923 1250 a
945 1190 1106 1269 scorpione
1128 1191 1240 1270 puncti,

135 1304 172 1360 ut
193 1297 313 1360 vulneri
334 1297 520 1376 medeantur,
542 1299 734 1378 scorpionem
766 1298 864 1378 ipsum
885 1276 979 1380 super
1000 1317 1112 1386 recens
1131 1301 1241 1366 uulnus

136 1396 298 1472 conterunt
312 1405 355 1490 ²).
400 1406 617 1487 Scorpionibus
640 1417 738 1474 autem
760 1426 881 1472 eremus
903 1409 954 1472 illa
975 1410 1104 1474 abundat
1118 1407 1161 1494 8).

222 1517 247 1581 Ε
270 1517 367 1582 tribus
389 1517 485 1597 cellis,
507 1536 583 1599 quas
604 1519 636 1582 in
657 1519 805 1582 interiore
827 1527 912 1583 vasta
934 1519 1105 1599 solitudine,
1126 1520 1242 1583 incel-

135 1627 183 1692 liis
205 1637 237 1692 et
257 1628 289 1692 in
310 1637 413 1694 monte
433 1629 549 1692 Nitriae
570 1629 720 1695 Macarius
737 1609 963 1694 Alexandrinus
982 1630 1096 1709 hahuit,
1118 1646 1187 1708 una,
1209 1631 1242 1694 in

135 1756 196 1820 qua
216 1755 272 1819 per
293 1738 555 1822 quadragesimam
575 1740 607 1802 in
629 1739 764 1804 tenebris
785 1739 920 1820 sedehat,
941 1741 1019 1806 ostio
1041 1741 1146 1804 caruit.
1168 1738 1242 1802 Gel-

135 1843 184 1914 lae
206 1850 286 1912 enim
308 1851 562 1914 monasteriorum
583 1850 663 1914 illius
684 1850 820 1932 regionis
842 1850 983 1915 fenestris
1010 1850 1100 1914 hodie
1121 1865 1241 1930 quoque

137 1968 254 2039 carent,
275 1961 318 2022 ita
338 1967 374 2022 ut
393 1960 447 2024 lux
463 1968 577 2024 tautum
591 1979 645 2040 per
663 1961 887 2024 ostiumintret
895 1958 939 2044 ⁴).
973 1961 1105 2041 Eamque
1119 1959 1243 2022 Macarii

139 2071 278 2134 cellulam
306 2071 338 2133 in
365 2071 512 2134 interiore
541 2079 626 2134 vasta
654 2071 816 2135 solitudine
844 2072 930 2136 sitam
955 2070 1057 2136 ,titisse
1079 2069 1243 2134 verisimile

139 2191 197 2248 est.
218 2181 324 2250 Altera
336 2191 435 2247 autem
449 2183 481 2249 in
495 2181 606 2262 celliis,
626 2193 661 2248 ut
672 2183 803 2266 uidetur,
826 2183 883 2246 sita
899 2183 1110 2266 angustissima
1123 2181 1190 2259 fuit,
1211 2181 1243 2243 in

137 2311 197 2375 qua
212 2293 263 2358 ille
274 2312 313 2356 ne
324 2294 431 2374 pedem
442 2294 562 2374 quidem
573 2293 740 2358 estendere
756 2301 885 2374 poterat.
908 2293 1081 2356 Cuiusmodi
1091 2292 1176 2355 cellis
1194 2292 1243 2354 alii

140 2421 262 2484 quoque
272 2421 363 2469 senes
374 2405 423 2470 usi
435 2422 505 2467 osse
516 2404 659 2468 dicuntur
671 2401 714 2486 ⁸).
737 2402 772 2466 lu
789 2404 878 2468 tertia
889 2403 1019 2482 denique
1030 2403 1115 2479 cella,
1129 2403 1244 2466 duabus

139 2514 201 2580 illia
211 2514 331 2592 latiore,
353 2514 502 2578 Macarius
514 2514 711 2578 adventantes
722 2513 852 2592 excepit,
874 2511 956 2590 quod
970 2512 1003 2573 in
1016 2511 1121 2572 cellam
1131 2509 1248 2573 Nitriae

139 2626 264 2703 montis,
286 2643 376 2704 quem
397 2625 527 2705 plurimi¹
540 2633 572 2687 et
585 2607 725 2687 monachi
746 2631 778 2686 et
798 2621 954 2704 peregrini
975 2621 1077 2684 visere
1099 2619 1245 2700 solebant,

141 2737 257 2816 optime
278 2734 366 2796 cadit.
410 2733 494 2815 Erga
515 2749 604 2814 quos,
644 2733 670 2796 si
692 2732 849 2812 adipsum
870 2731 1063 2810 accedebant,
1083 2715 1245 2795 Macarium

139 2845 381 2912 Alexandrinum
402 2843 575 2910 hilariorem
595 2843 747 2926 Aegyptio
758 2830 891 2906 Macario
913 2841 1017 2919 fuisse,
1040 2849 1128 2921 atque
1150 2843 1244 2904 urba-

140 2959 236 3022 nitate
266 2956 394 3038 quadarn
421 2955 556 3020 iuniores
585 2955 621 3017 ad
651 2953 836 3034 disciplinam
867 2952 1070 3022 monachicam
1093 2953 1244 3032 allexisse,

141 3068 284 3135 Socrates
305 3067 411 3130 nescio
432 3065 514 3128 undo
536 3065 652 3144 accepit
666 3061 709 3148 ⁵).

227 3178 273 3265 lle
295 3176 416 3260 virgine
437 3173 650 3240 Thessalonica
672 3173 809 3252 oriunda,
831 3189 920 3254 quam
940 3171 1088 3236 Macarius
1107 3171 1244 3236 'Alexan-

143 3277 249 3354 drinus
271 3289 341 3352 oleo
363 3295 468 3352 sancto
490 3287 577 3350 unxit
604 3285 806 3367 precibusque
837 3283 946 3366 viginti
968 3283 1099 3375 ,dierum
1118 3283 1263 3361 sanavit,

143 3419 205 3464 non
227 3408 287 3480 est,
307 3398 390 3480 quod
411 3397 608 3478 disputemus.
641 3396 742 3471 Quare
763 3391 801 3456 ad
818 3393 1037 3456 monasterium
1058 3391 1208 3456 Pachomii
1229 3409 1246 3454 a

172 3669 202 3736 t)
223 3667 277 3721 Eos
297 3683 350 3720 non
370 3673 490 3720 accurate
507 3664 673 3740 ¹distinguere
692 3661 795 3716 uidetur
814 3662 945 3716 Duoutner
963 3662 991 3714 ia
1011 3660 1095 3714 libro:
1116 3658 1246 3726 liic'sape

222 3771 276 3809 vora
295 3756 341 3812 Dr.
361 3747 419 3812 Jch.
435 3737 515 3820 Fauat
534 3768 563 3820 p.
584 3752 648 3808 192.
714 3791 719 3797 .

171 3849 202 3914 2)
223 3844 343 3899 Miuutoli
364 3843 382 3896 l.
404 3843 423 3900 l.
442 3858 468 3912 p.
491 3843 536 3900 77.

171 3937 204 4005 3)
224 3933 291 3989 lhid.
312 3949 338 4000 p.
359 3928 424 3986 aot.

170 4022 201 4091 t)
222 4021 405 4078 Tischeudorl.
425 4029 452 4072 et
470 4018 629 4073 Wilhincou.
652 4015 669 4072 l.
689 4013 708 4067 l.
730 4029 815 4082 supra.
827 4027 853 4080 p.
873 4018 901 4070 2.

172 4115 201 4186 5)
223 4113 331 4170 Passim.
352 4111 497 4166 Marcianus
516 4111 543 4162 iu
565 4106 704 4163 eellauou
724 4104 848 4172 ampliore
868 4115 978 4169 corpore
998 4109 1046 4149 sac
1061 4107 1090 4146 se
1109 4088 1246 4142 inclusisse

223 4203 319 4271 legitur
338 4201 394 4258 VV.
413 4199 462 4254 1³1³.
484 4199 574 4255 llosw.
593 4197 641 4248 lib.
663 4193 705 4275 lll
719 4209 776 4262 cap.
796 4194 823 4250 3.

171 4293 203 4359 d)
225 4291 293 4348 llist.
312 4290 414 4344 Ecclca.
437 4288 486 4354 lV,
508 4288 544 4343 tu
562 4281 678 4364 1²:2³4·
698 4283 744 4336 ed.
763 4281 850 4336 Valet.
928 4317 932 4326 .

447 4407 453 4422 ·
993 4378 1008 4431 7
