2990 4986
670 364 910 437 ..34-

242 563 573 644 oreSerapionisSeuis
596 562 815 639 ctNestarotis,
837 563 1031 643 antiquissimi
1053 563 1264 642 anachoretae,
1288 582 1346 624 ac·

223 675 321 753 cepit
333 674 372 756 ¹).
418 673 614 736 Nihilominus
636 674 705 734 libri
727 673 859 736 Cassiani
885 673 922 734 ad
945 674 1185 755 cognoscendam
1207 676 1345 738 indolem

241 795 272 849 et
304 786 487 865 disciplinam
509 784 713 847 solitariorum
742 783 820 846 illius
850 785 994 863 temporis
1025 786 1124 866 magni
1153 786 1242 864 pretii
1269 796 1344 850 suut

240 905 271 958 et
292 897 331 958 ob
353 896 554 976 iutegritatem
569 895 725 974 scriptoris
747 901 777 956 et
798 894 837 956 ob
852 893 994 972 prudens,
1017 913 1163 974 quocum
1186 897 1344 958 excellere

240 1007 380 1085 arbitror,
403 1005 554 1072 iudicium.

324 1115 355 1193 §-
381 1115 429 1177 10.
475 1115 720 1178 Commemoratis
742 1123 909 1190 auctorum,
932 1116 983 1192 qui
1005 1132 1073 1176 cum
1084 1115 1223 1178 Macariis
1246 1117 1342 1178 vixe-

237 1233 317 1301 runt,
347 1235 397 1287 aut
427 1226 463 1287 ab
493 1244 598 1287 eorum
634 1224 806 1303 aequalibus
834 1225 871 1285 de
898 1223 934 1285 iis
972 1225 1071 1287 edocti
1101 1235 1180 1302 sunt,
1214 1227 1340 1304 scriptis

235 1342 339 1410 restat,
368 1343 401 1396 ut
429 1334 467 1396 de
496 1335 606 1396 ceteris
637 1333 779 1410 lontibus,
815 1351 944 1413 quorum
976 1343 1115 1398 auctores
1144 1341 1176 1395 et
1206 1343 1340 1398 aetatem

234 1446 396 1522 nescimus,
424 1461 609 1524 quaeramus.
663 1443 695 1504 ln
728 1444 774 1506 bis
803 1443 978 1506 numerandi
1006 1451 1075 1505 sunt
1104 1443 1339 1506 Rosweidianae

234 1556 420 1618 collectionis
443 1556 549 1618 tertius
560 1557 597 1633 ²),
626 1556 795 1634 quintus2),
822 1557 962 1629 sextusl)
992 1564 1022 1617 et
1044 1556 1226 1632 septimusl)
1255 1555 1338 1618 bber

233 1664 295 1724 VV.
319 1666 374 1727 ΡΡ.
397 1674 485 1748 atque
506 1665 583 1726 liber
605 1665 817 1727 sententiarum
838 1675 955 1744 patrum
978 1665 1246 1747 Aegyptiornmi).
1276 1667 1337 1741 Oui

232 1775 350 1853 quidem
384 1774 452 1835 libri
481 1775 657 1853 quibusnam
690 1775 808 1855 graecis
844 1773 1041 1852 scriptoribus
1075 1774 1164 1858 (narn
1194 1777 1336 1854 primitus

231 1903 341 1965 graece
374 1885 530 1962 compositi
559 1882 702 1965 fuerunt)
732 1885 880 1963 originem
910 1883 1046 1960 debeant,
1077 1885 1266 1965 ignoramus,
1297 1904 1335 1946 ac

230 1996 294 2057 sola
322 1995 479 2057 latinorum
508 1995 704 2073 interpretum
734 1995 853 2056 uomina
884 1994 1004 2074 cognita
1033 2001 1113 2070 sunt,
1147 2013 1186 2056 ex
1219 1997 1334 2074 quibus

229 2106 303 2168 istos
326 2123 444 2184 quoque
466 2103 676 2181 antiquissimis
698 2102 756 2164 illis
778 2103 961 2181 temporibus
983 2105 1112 2181 scriptos
1135 2120 1204 2164 esse
1234 2121 1333 2183 appa-

228 2224 283 2275 ret.
329 2215 453 2278 'lantum
481 2231 555 2276 vero
585 2213 678 2287 abest,
714 2221 747 2274 ut
775 2211 811 2272 iis
841 2213 962 2290 propria
993 2213 1183 2274 contineatur
1205 2220 1333 2292 tempo-

227 2341 294 2382 rum
316 2341 479 2404 senumque
502 2323 674 2400 descriptio,
697 2319 814 2400 qualem
836 2320 904 2381 libri
916 2319 1045 2399 Palladii,
1067 2321 1176 2400 Rulini,
1199 2321 1333 2383 aliorum

226 2436 379 2511 praebent,
410 2443 442 2495 ut
478 2431 550 2493 nibil
583 2432 639 2492 nisi
668 2430 805 2492 collectio
828 2431 1006 2492 relationum
1040 2441 1070 2494 et
1106 2433 1330 2494 sententiarum

225 2543 383 2604 videantur
414 2549 626 2622 congestarum
656 2559 695 2600 cx
725 2541 817 2602 variis
842 2540 879 2602 dc
903 2559 1008 2602 senum
1036 2543 1097 2604 vita
1119 2550 1150 2604 et
1164 2543 1328 2624 disciplina

224 2653 343 2730 scriptis
372 2652 437 2712 sive
466 2650 628 2728 deperditis
663 2658 713 2711 aut
745 2651 775 2710 in
797 2650 923 2728 pulvere
944 2650 1040 2712 adbuc
1062 2651 1327 2728 delitescentibus,

223 2760 288 2820 sive
310 2761 368 2819 iam
391 2761 520 2822 excusis.
571 2759 660 2833 Nihil,
683 2761 733 2838 qui
755 2777 809 2821 eos
831 2762 1030 2838 concinnavit,
1052 2763 1117 2840 ipse
1139 2762 1224 2836 vidit,
1249 2763 1327 2824 nibil

222 2867 287 2943 ipse
319 2868 464 2946 percepit,
496 2867 569 2927 nibil
597 2869 661 2946 ipse
694 2877 836 2946 expertus
867 2879 921 2931 est.
977 2862 1126 2949 iucipiens
1156 2873 1194 2934 ab
1224 2872 1329 2953 aliqua

221 2973 436 3037 bistoniuncula
457 2973 579 3035 alteram
602 2983 632 3036 et
653 2976 771 3037 tertiam
793 2975 883 3053 addit,
912 2995 987 3056 quae
1016 2980 1154 3060 singulae
1181 2975 1327 3064 singulos

222 3101 311 3146 senes
330 3089 463 3161 spectant
485 3098 519 3142 ac
540 3099 756 3160 saepenumero
777 3084 849 3163 ipsis
872 3087 974 3148 verbis
997 3092 1129 3152 auctoris
1152 3093 1327 3171 cuiusdam,

222 3211 309 3270 quem
324 3189 471 3265 novimus,
493 3189 534 3250 ita
556 3197 589 3251 ut
604 3191 840 3270 compilationem
852 3195 983 3274 undique
998 3197 1183 3262 manifestam
1206 3204 1327 3284 depre-

221 3298 343 3362 hendas.
387 3299 487 3378 Magni
521 3307 628 3376 autem,
657 3300 826 3378 dummodo,
858 3318 934 3380 quae
956 3305 1173 3388 confuderunt,
1206 3316 1325 3378 acriter

221 3409 418 3486 dispiciamus,
434 3409 607 3470 aestimandi
621 3419 689 3472 sunt
705 3410 773 3471 libri
794 3411 847 3488 illi,
858 3428 948 3490 quum
965 3415 1055 3475 multa
1071 3420 1157 3481 nobis
1171 3422 1325 3506 referant,

221 3535 298 3596 quae
317 3520 393 3596 apud
409 3527 547 3581 auctores
559 3517 695 3581 Macariis
717 3521 856 3599 aequales
880 3539 938 3583 non
961 3524 1115 3606 leguntur,
1140 3539 1171 3594 et
1188 3531 1324 3598 fortasse

220 3631 398 3708 exscriptis
421 3637 490 3691 sunt
512 3628 656 3707 desumta,
679 3649 755 3708 quae
777 3641 900 3694 aetatem
923 3635 1122 3699 blacariorum
1154 3644 1322 3726 attingunt.

245 3873 273 3935 l)
296 3870 333 3920 Cf.
357 3873 422 3920 iufra
444 3868 504 3934 Cup.
529 3872 557 3924 V.

243 3961 272 4021 ⁴2)
293 3963 353 4013 VV.
376 3963 424 4008 ΡΡ.
448 3959 533 4010 uosw.
555 3975 570 4022 p
600 3956 655 4010 492
677 3977 733 4026 sqq.

243 4049 272 4111 3)
295 4047 359 4101 lbid.
380 4063 404 4110 p.
426 4045 481 4100 562
503 4061 559 4110 sqq.

242 4131 272 4198 q)
295 4135 359 4188 lbid.
381 4151 404 4198 p.
426 4130 482 4184 odd
503 4149 558 4197 sqq.

243 4225 273 4286 5)
296 4223 362 4274 lbid.
384 4238 406 4286 p.
430 4222 484 4272 665
509 4235 564 4285 sqq.

242 4313 272 4374 li)
295 4311 359 4364 lbi'd.
382 4325 406 4374 p.
431 4309 502 4360 1002
524 4324 580 4374 sqq.
