2990 4986
602 394 850 470 ...Μ-

175 611 235 658 non
256 595 349 658 nasei.
393 593 443 658 Sio
464 593 558 676 igitur
579 600 644 658 tras
665 611 759 658 annos
780 595 910 676 peregit,¹
928 603 1059 675 ‹pootuor
1079 595 1201 676 qnidam
1222 595 1273 660 val

173 705 307 786 quinquo
336 705 443 770 uncias
472 704 634 771 comedens
667 713 698 768 et
731 703 879 768 modioum
910 721 1005 786 aquae
1035 703 1152 768 hihens.
1207 705 1275 770 Oloi

174 825 274 880 autam
296 817 462 882 sextarium
490 823 554 880 toto
575 833 654 878 anno
675 815 707 878 in
728 816 901 882 alimentum
920 817 1121 881 consumebat.
1165 815 1275 882 Statuit

174 923 336 1006 aliquando
366 945 512 1008 superare
537 942 692 1006 somnum,
728 933 764 990 nt
791 926 857 1008 ipso
877 925 973 988 nohis
1005 927 1153 990 narravit:
1190 925 1274 992 'lotis

173 1037 283 1121 viginti
305 1037 411 1102 diebus
433 1047 463 1101 et
483 1037 623 1100 noctibus
644 1037 700 1100 sub
722 1027 837 1101 tectum
857 1053 920 1099 non
941 1053 1008 1099 sum
1029 1037 1197 1117 ingressus,
1223 1037 1275 1099 in-

176 1149 278 1212 terdiu
298 1147 418 1228 quidem
440 1156 524 1211 aestu
546 1147 668 1228 urebar,
688 1155 879 1215 montumano
901 1146 980 1212 febri
1000 1147 1150 1229 rigabam.
1188 1148 1275 1223 Quod

176 1259 237 1323 nisi
265 1265 377 1322 tectum
399 1257 486 1320 eitius
509 1275 609 1321 essem
628 1259 798 1340 ingressus,
819 1257 982 1338 inquiebat,
1010 1266 1042 1322 et
1074 1270 1180 1321 somno
1202 1275 1275 1322 usus

175 1385 286 1446 essem,
308 1367 467 1451 oerohrum
489 1367 532 1432 ita
554 1368 625 1430 mihi
647 1377 728 1432 osset
750 1367 926 1448 areiaotum,
954 1373 1001 1448 ut,
1027 1369 1100 1448 quin
1121 1370 1154 1431 in
1175 1375 1275 1432 eosta-

175 1478 221 1540 sin
244 1495 366 1561 agerer,
395 1497 501 1559 parum
524 1479 654 1543 abesset.
698 1479 737 1542 Et
758 1487 910 1560 quantum,
939 1477 1047 1560 inquit,
1074 1479 1106 1540 in
1134 1495 1183 1540 me
1207 1477 1275 1554 init,

176 1588 237 1652 vioi
264 1605 413 1670 somnum,
443 1599 586 1670 quandum
614 1605 692 1670 opus
714 1597 770 1669 est,
798 1597 924 1652 naturae
952 1589 1132 1652 oonoedens.
1177 1589 1275 1664 Quum

174 1699 225 1763 hio
246 1707 368 1763 sanetus
389 1703 484 1762 mane‘
498 1701 530 1762 in
552 1700 628 1762 oolla
649 1700 781 1780 sederet,
810 1701 842 1763 in
871 1700 948 1781 peda
970 1718 1039 1762 oum
1061 1699 1151 1762 culex
1172 1715 1275 1780 pupu-

175 1811 231 1895 git,
254 1829 353 1892 quam,
375 1812 524 1894 sangnine
534 1820 708 1890 saturatum,
731 1811 837 1874 dolore
850 1819 947 1874 tantus
961 1829 1052 1872 manu
1067 1809 1155 1872 elisit.
1177 1808 1274 1872 Dein-

176 1937 248 2000 oops
269 1937 345 1983 voro
366 1937 400 1983 se
421 1921 628 2000 reprehendit,
650 1921 701 2002 qui
722 1937 755 1982 se
777 1921 841 2000 ipse
862 1920 944 1984 ultus
965 1929 1057 2000 esset,
1079 1935 1174 1998 seque
1194 1935 1274 1982 oon-

177 2029 339 2109 domnavit,
362 2037 400 2118 ut
417 2029 539 2094 saderet
559 2031 657 2094 nudus
680 2048 735 2094 sax
757 2047 875 2094 mensas
896 2031 928 2094 in
950 2031 1062 2112 palude
1069 2029 1176 2108 Soetis,
1197 2044 1274 2107 quae

177 2148 228 2204 ast
246 2141 277 2204 in
299 2144 385 2204 vasta
406 2141 576 2204 solitudine.
621 2141 677 2204 Ubi
699 2141 816 2205 oulioes
833 2149 960 2222 possunt
972 2141 1022 2204 vel
1043 2156 1185 2222 aprorum
1206 2135 1274 2218 pel·
1343 2227 1344 2230 Ἴ

174 2249 220 2314 las
242 2251 388 2331 sauciare,
410 2269 501 2332 quum
523 2251 584 2316 sint
605 2250 814 2333 aequamagni
835 2258 869 2314 ut
890 2268 1011 2331 vespae.
1055 2248 1103 2314 Ab
1121 2249 1158 2312 iis
1177 2249 1274 2332 igitur

173 2370 254 2426 totns
283 2363 324 2442 ita
354 2362 504 2426 sanciatus
538 2370 595 2442 est,
625 2371 659 2426 ut
686 2371 717 2426 et
744 2360 842 2426 aculei
870 2361 901 2423 in
929 2369 993 2425 toto
1022 2376 1152 2439 corporo
1179 2357 1274 2437 ipsius

173 2472 359 2553 viderentur,
393 2491 431 2562 ao
449 2473 586 2537 nonnulli
608 2473 781 2550 eraderent,
809 2471 1004 2550 elephantiasi
1032 2487 1102 2532 oum
1123 2467 1272 2532 laborare.

172 2581 343 2646 lieven-sum
363 2599 439 2644 vero
468 2583 500 2644 in
529 2581 667 2644 cellulam
694 2598 778 2643 snam
805 2597 846 2642 ax
876 2579 941 2642 sola
961 2589 1040 2641 vooe
1061 2583 1273 2658 cognoverunt

173 2691 337 2756 linearium
358 2707 438 2754 ossa.
482 2691 580 2771 cupiit
602 2689 770 2768 aliquando,
802 2698 836 2752 ut
858 2688 944 2752 nohis
966 2689 1032 2768 ipsa
1052 2685 1195 2764 narravit,
1208 2723 1210 2730 ,
1223 2685 1274 2748 in-

173 2800 266 2884 gredi
282 2808 517 2878 monnmentum,
531 2799 621 2880 ,quod
635 2797 744 2863 dieitur
756 2794 953 2879 κηποτάφιον
963 2797 1076 2862 Jannes
1091 2806 1122 2862 et
1133 2795 1273 2862 lambres

113 2966 116 2972 ,
172 2929 353 2992 magorum,
371 2910 423 2990 qui
450 2908 572 2972 fuerunt
594 2916 731 2988 tempora
752 2907 926 2986 Pharaonis,
955 2906 1078 2972 videndi
1110 2924 1200 2972 oausa
1221 2909 1273 2972 tut

172 3021 345 3100 daemones,
375 3020 429 3100 qui
451 3019 492 3082 ibi
514 3027 599 3096 sunt,
629 3017 838 3086 conveniendi.
882 3017 1067 3082 Dioabantur
1085 3017 1165 3082 enim
1187 3015 1272 3084 multi

171 3133 254 3214 iique
275 3131 395 3196 feroces
415 3131 458 3194 ihi
479 3131 516 3192 ab
537 3128 757 3194 illisoollooati
774 3127 1021 3192 ‘assedaemones
1035 3145 1091 3208 por
1113 3125 1272 3194 exeruere

173 3245 242 3311 tiam
271 3247 404 3329 magicae
433 3245 517 3322 artis,
547 3259 606 3324 qua
636 3243 746 3322 primas
776 3259 898 3322 quoquo
924 3243 975 3305 illo
1003 3251 1141 3321 tompore
1168 3248 1271 3320 partes

172 3355 251 3434 apud
280 3355 463 3418 Pharaonem
493 3352 672 3416 habuerunt.
728 3351 786 3426 Qui
823 3350 864 3414 ita
903 3351 983 3415 neoti
1023 3359 1200 3430 potestatem
1238 3349 1271 3412 in

171 3465 323 3546 Aegypto,
345 3473 481 3544 tompore
503 3462 670 3526 vitaosuao
691 3479 730 3523 ax
744 3460 897 3541 quadratis
917 3460 1064 3540 lapidibus
1086 3468 1271 3525 construxe-

92 3571 95 3579 ’
172 3583 244 3640 runt
264 3573 337 3638 illud
358 3590 444 3653 opus,
463 3573 494 3636 in
516 3587 575 3651 quo
593 3578 827 3634 monumentum.
839 3568 987 3648 locarunt,
1009 3577 1039 3634 et
1059 3571 1184 3634 multum
1205 3571 1272 3634 auri

172 3685 389 3766 deposuerunt,
411 3682 508 3746 omnis
530 3699 649 3764 quoqne
672 3663 795 3762 generis
810 3665 943 3746 arbores
964 3679 1134 3760 plantarunt
1158 3689 1190 3746 et
1209 3698 1271 3761 pu-

172 3805 255 3862 teum
277 3811 373 3874 aquae
393 3793 553 3858 maximum
570 3790 723 3869 foderunt,
745 3799 901 3870 sperantes
914 3790 1035 3870 quidem
1055 3789 1134 3868 iore,
1155 3799 1191 3855 ut
1200 3798 1271 3869 post

172 3918 261 3972 suum
282 3905 352 3968 hino
373 3905 445 3968 illue
466 3903 632 3970 dsoesnm
650 3901 828 3968 ,fruerentur
850 3899 965 3968 doliolis
986 3901 1018 3963 in
1039 3900 1097 3963 hoo
1118 3898 1268 3979 paradiso.

172 4019 287 4084 Servus
308 4017 401 4099 igitur
412 4010 680 4080 christianornm
701 4031 792 4094 quum
814 4013 904 4092 viam,
931 4021 1011 4092 quae
1032 4011 1070 4072 ad
1090 4011 1170 4072 huno
1190 4005 1271 4072 hor·-

173 4137 237 4194 tum
258 4128 350 4207 ducit,
379 4127 548 4209 ignoraret,
579 4126 643 4190 sola
664 4125 840 4206 uonjaotura
862 4131 985 4188 secutus
1007 4127 1054 4188 eat
1075 4126 1166 4199 astra,
1189 4120 1269 4186 siout

173 4247 294 4314 nautae,
315 4238 368 4320 qui
389 4237 481 4302 mario
502 4232 788 4302 transmittantur
802 4240 895 4297 totam
916 4228 1048 4310 pervasit
1060 4227 1268 4296 solitudinem.

173 4348 361 4416 ltasoioulum
379 4364 455 4419 uero
476 4347 655 4424 arundinum
676 4344 784 4424 tonuit,
812 4361 853 4408 ax
880 4339 988 4422 quous
1017 4355 1108 4406 unam
1136 4341 1168 4406 in
1190 4359 1271 4406 uno-

347 4451 349 4454 ’
380 4455 381 4458 ’
1041 4452 1080 4508 ὗ·
1197 4469 1210 4506 ι
