2990 4986
584 359 829 432 „21„

158 580 247 641 quum
271 566 306 626 ab
328 581 366 624 eo
389 560 556 642 profecturi
578 568 690 640 essent,
712 561 907 639 praedixisse,
929 561 985 624 hac
1007 563 1072 643 ipsa
1089 562 1138 626 die
1161 565 1261 628 victo-

157 677 219 738 rias
241 675 376 756 religiosi
399 671 542 752 principis
557 671 719 734 Theodosii
742 671 779 732 de
789 670 925 752 Eugenio
942 681 1070 753 tyranno
1091 682 1261 754 reportatas

157 785 361 848 Alexandriae
384 783 533 846 nuntiatas
555 799 633 859 esse,
666 783 823 862 ipsumque
845 782 1045 846 Theodosium
1076 803 1138 848 non
1168 786 1260 850 multo

159 895 376 978 postproprio
393 899 496 955 morte
507 891 606 953 vitum
621 887 799 974 finiturum,
822 894 935 956 Triduo
947 903 1045 958 autem
1063 905 1132 976 post
1142 897 1262 960 disces-

158 1027 224 1072 sum
247 1021 341 1070 suum
358 1008 396 1069 de
418 1013 514 1068 morte
535 1005 659 1067 loannis
690 1022 725 1067 se
753 1006 784 1066 in
816 1004 926 1068 itinero
954 1008 1101 1070 certiores
1123 1025 1191 1070 esse
1213 1007 1261 1070 fa-

159 1129 225 1182 ctos
239 1117 279 1202 ¹]-
326 1119 383 1181 Sed
406 1118 508 1180 eadem
531 1116 615 1194 haec,
638 1133 716 1195 quae
738 1117 768 1178 in
790 1115 869 1178 libro
889 1117 1022 1180 secundo
1036 1117 1261 1182 Rosweidianae

160 1230 346 1292 collectionis
378 1229 470 1290 latino
504 1244 644 1290 sermone
679 1225 840 1307 leguntur,
880 1245 992 1308 graece
1025 1245 1171 1308 expressa
1198 1228 1263 1292 lere

159 1341 197 1402 ad
220 1341 346 1402 verbum
368 1340 397 1400 in
420 1337 494 1400 Hist.
518 1336 662 1399 Lausiaca
684 1334 804 1396 Palladii
826 1343 945 1416 extant,
979 1336 1039 1398 hoo
1066 1355 1128 1426 uno
1150 1339 1263 1402 discri-

157 1453 247 1529 mine,
270 1449 349 1530 quod
382 1467 460 1530 quae
482 1458 586 1512 noster
608 1448 673 1527 ipse
695 1457 838 1526 expertus
861 1455 917 1527 est,
948 1447 1094 1511 Palladius
1125 1467 1142 1512 a
1171 1450 1262 1514 sociis

156 1571 275 1624 narrata
304 1559 409 1622 refert.
461 1559 581 1638 Septem
614 1556 723 1620 fratres
753 1559 933 1640 peregrinos
964 1575 1067 1621 omnes
1102 1558 1198 1622 fuisse
1229 1559 1262 1620 in

156 1671 317 1734 solitudine
337 1671 462 1748 Nitriae,
486 1689 519 1733 se
541 1669 672 1750 quidem,
700 1687 757 1730 neo
780 1687 841 1730 non
862 1669 982 1731 beatum
1004 1668 1180 1751 Euagrium,
1202 1667 1261 1730 Al-

155 1783 258 1846 binum
288 1791 319 1846 et
347 1782 548 1844 Ammonium.
598 1781 683 1844 Scire
713 1799 747 1842 se
775 1797 880 1842 omnes
911 1779 1080 1858 studuisse,
1114 1797 1260 1860 quaenam

154 1894 281 1958 Joannis
303 1893 401 1954 virtus
424 1900 515 1970 esset,
538 1891 592 1954 sed
615 1891 767 1953 dubitasse
788 1889 965 1972 Euagrium,
988 1908 1026 1950 an
1048 1889 1168 1951 omnino
1191 1903 1259 1950 eum

156 2003 324 2064 convenire
347 2011 477 2082 possent.
523 2003 622 2076 Quare
645 2009 769 2082 postero
797 2000 856 2078 die,
886 1999 1008 2062 occlusa
1037 1998 1128 2076 cella,
1163 1997 1260 2061 solum

156 2131 202 2191 se,
225 2115 335 2176 nesciis
357 2114 461 2192 sociis,
491 2111 528 2174 ad
550 2113 696 2174 loannem
725 2113 756 2172 in
779 2110 959 2173 Thebaidem
989 2108 1158 2189 profectum
1179 2125 1258 2171 esse.

155 2225 253 2298 Quum
276 2242 350 2286 vero
380 2223 476 2285 abeo
509 2241 653 2286 reversus
683 2221 775 2286 sociis
805 2239 870 2282 rem
892 2228 1061 2299 narrasset,
1092 2227 1161 2300 post
1182 2217 1259 2280 duos

153 2351 274 2396 menses
304 2334 360 2395 hos
387 2350 507 2413 quoque
534 2351 624 2396 senes
657 2332 694 2394 ad
725 2331 871 2394 loannem
900 2331 1037 2410 venisse,
1074 2329 1131 2392 sibi
1159 2336 1259 2391 autem

153 2461 302 2505 narrasse.
336 2441 509 2522 Sequuntur
530 2441 594 2504 fere
617 2442 653 2503 ad
676 2443 814 2520 verbum,
844 2449 877 2503 ut
899 2440 1080 2518 monuimus,
1102 2437 1163 2518 illa,
1184 2455 1260 2518 quae

152 2553 243 2614 modo
267 2571 306 2614 ex
327 2553 406 2613 libro
429 2551 562 2613 secundo
590 2551 757 2612 retulimus.
772 2548 805 2632 ²)
849 2549 1020 2630 Eugenium
1048 2565 1124 2609 vero
1153 2555 1260 2626 tyran-

153 2681 227 2724 num
242 2662 430 2724 Theodosius
453 2660 531 2739 apud
541 2660 634 2738 Alpes
656 2661 766 2722 devicit
777 2677 853 2720 anno
867 2658 931 2720 394
941 2659 1020 2720 vlll.
1035 2657 1105 2721 ldus
1120 2655 1260 2736 Septem-

153 2773 229 2834 bris.
244 2768 276 2852 3)
321 2769 413 2831 Vides
434 2767 537 2850 igitur,
560 2767 739 2845 scriptorem
767 2766 836 2827 libri
863 2768 988 2828 secundi
1016 2783 1105 2829 senes
1125 2759 1259 2848 Aegypti

152 2882 294 2946 invisisse
318 2886 449 2940 exeunte
470 2895 548 2939 auno
572 2875 636 2939 394
658 2887 688 2940 et
710 2876 873 2938 Palladium
903 2877 967 2940 eius
989 2875 1115 2954 itineris,
1137 2875 1257 2956 quode

152 2992 250 3054 Nitria
273 2991 309 3053 ad
331 2991 477 3053 loannem
499 2990 529 3051 in
550 2989 633 3070 Lyco
656 2987 778 3065 fecerat,
802 2989 916 3050 socium
939 2987 1088 3050 habuisse.

241 3102 380 3165 Alterum
394 3101 522 3182 quidem,
546 3100 706 3162 Palladium
725 3099 840 3163 seilicet
861 3099 1020 3179 scriptoris
1041 3096 1111 3157 libri
1132 3094 1258 3158 secundi

154 3214 271 3278 socium
292 3213 323 3274 in
346 3213 454 3274 itinere
477 3210 580 3290 luisse,
604 3211 678 3274 alius
700 3228 820 3294 quoque
849 3211 937 3271 huius
960 3207 1030 3269 libri
1055 3207 1141 3268 loeus
1171 3222 1259 3268 com-

155 3326 273 3407 probat.
316 3325 457 3406 Legimus
479 3323 570 3402 enim,
603 3321 795 3402 Apollonium
828 3319 979 3382 monachis
1003 3318 1065 3381 suis
1097 3327 1161 3380 tres
1184 3315 1259 3391 dies,

154 3447 315 3518 antequam
337 3435 467 3515 scriptor
493 3433 563 3495 libri
592 3432 717 3495 secundi
750 3451 819 3494 cum
847 3431 936 3494 sociis
969 3445 1040 3492 aum
1073 3423 1260 3501 convenerit,

157 3547 361 3630 praedixisse:
392 3553 479 3626 ,post
499 3544 634 3607 triduum
656 3541 812 3606 adfuturos
834 3550 898 3604 tres
921 3540 1031 3603 fratres
1053 3537 1089 3599 ab
1111 3535 1261 3596 Hieroso-

156 3658 245 3738 lymis
268 3657 442 3719 venientes“
456 3653 501 3739 ⁴).
546 3654 606 3719 Sed
638 3654 717 3716 idem
739 3653 885 3716 Palladius
914 3669 1035 3738 quoque
1062 3648 1164 3714 triduo
1193 3650 1261 3706 ante

188 3979 967 4052 nwffifflmffimhpfflfflssm.

186 4060 1145 4141 mmmmmmpMOWMwMAQAEQAUffl&

185 4147 1263 4230 ffimffmmffistmmmmmfflhfflw

238 4251 303 4305 Hht
325 4250 396 4302 Eech
420 4249 509 4302 T.lV
530 4246 659 4317 p.1och

188 4335 218 4401 4)
240 4340 291 4396 vv.
315 4343 365 4391 nr.
388 4339 476 4391 uosw.
500 4338 546 4395 nb.
567 4341 602 4404 u,
626 4342 650 4395 a.
672 4355 696 4404 p.
717 4333 784 4400 lot,
809 4343 832 4392 r.
