2974 4964
638 305 881 382 ..88-

213 511 453 578 ΑΙοιιιιιᾱιίιιιιιιι
487 519 556 592 post
587 509 750 574 Μιοιιιιιιιι
776 509 959 594 Aegyptium
991 509 1181 582 monachum,
1200 507 1312 576 lacman

213 639 293 690 esse.
337 621 500 686 Maeuium
528 637 603 684 vero
624 619 862 684 Alexandrinum
883 622 1033 706 Aegyptio
1065 631 1136 686 natu
1165 624 1314 686 minorem

214 733 319 812 fuisse,
347 733 405 794 iam
428 731 505 813 apud
525 730 701 794 blakriaium
724 730 802 814 legis
814 729 857 816 ¹).
900 731 975 814 Nec,
997 733 1077 796 undo
1101 751 1191 796 error
1210 735 1241 796 in
1263 731 1314 796 illa
1370 737 1376 744 '

214 844 289 906 llist.
300 841 461 906 lausiacae
472 841 653 922 exemplaria
674 842 842 922 irrepserit,
864 852 950 908 certo
971 843 1094 910 dixeris.
1116 844 1191 918 Quia
1212 851 1313 908 autem
1434 871 1438 880 ⁴

214 953 415 1019 Soaomenum
443 973 489 1032 ea,
518 971 595 1034 quae
623 953 661 1016 de
682 953 822 1016 blacariis
854 951 955 1032 babet,
991 971 1009 1016 e
1037 951 1158 1016 Palladii
1188 953 1313 1018 historia

213 1064 356 1128 Lausiaoa
378 1064 556 1144 compilasse
578 1062 735 1126 manifesto
757 1072 848 1144 patet,
876 1063 1118 1141 additamentum,
1150 1063 1313 1128 blacarium

215 1175 452 1240 Alexandrinum
473 1171 573 1238 serius
595 1175 806 1256 presbytorum
835 1190 904 1237 osse
925 1173 1045 1253 facturn,
1074 1173 1132 1238 iam
1154 1172 1314 1238 Sozomeni

216 1293 351 1365 tempore
371 1285 403 1348 in
424 1285 568 1366 Lausiacp
590 1286 727 1378 extitisse
749 1285 903 1366 probabile
924 1292 980 1350 est.

229 1459 250 1476 ·
299 1429 332 1510 s.
355 1429 407 1492 21.
453 1429 512 1495 Sed
534 1431 572 1493 ad
593 1431 782 1496 narrationes
803 1413 883 1511 ipsas
905 1429 943 1494 de
964 1429 1093 1493 blacario
1107 1429 1312 1499 Alexandrino

214 1559 232 1602 e
263 1539 389 1604 historia
408 1539 551 1602 lausiaca
579 1541 710 1621 prolatas
740 1543 904 1606 veniamus.
961 1543 1093 1617 Quarum
1124 1541 1204 1602 nullo
1235 1539 1312 1621 apud

216 1649 306 1712 alium
327 1651 506 1729 scriptorem
527 1651 681 1714 invenitur
707 1660 828 1731 praeter
849 1649 943 1714 solam
965 1648 1003 1713 de
1025 1667 1180 1732 magorum
1204 1669 1312 1713 monu-

213 1769 314 1824 mento
337 1780 354 1824 a
374 1761 504 1826 biccario
525 1762 733 1828 Alexandrino
755 1761 832 1842 viso,
862 1781 939 1848 quae
967 1763 998 1827 in
1024 1761 1102 1826 libro
1132 1761 1264 1826 secundo
1278 1757 1312 1845 ²)

212 1871 277 1937 lere
298 1874 357 1935 hcc
379 1873 468 1936 modo
489 1874 632 1937 babetur:
661 1873 824 1936 biccarium
854 1891 928 1954 prae
950 1875 1061 1938 ceteris
1084 1873 1207 1938 senibus
1229 1889 1311 1936 ama-

211 1991 310 2046 torem
340 1985 436 2046 eremi
463 1983 559 2048 luisse
587 1995 618 2050 et
646 1986 802 2049 inaccessa
831 1991 1051 2066 perscrutatum
1083 2002 1152 2046 esse
1181 1983 1312 2046 deserta.

212 2091 381 2176 Aliquando
403 2113 472 2158 eum
485 2096 639 2158 invenisse
657 2095 758 2160 locum
779 2095 810 2157 ln
832 2095 1040 2161 remotissimis
1063 2093 1157 2159 eremi
1177 2093 1311 2174 portibus

211 2202 342 2283 positum
363 2205 561 2285 omnibusque
582 2205 669 2268 bonis
690 2205 848 2286 repletum.
893 2204 950 2269 Ubi
972 2204 1047 2268 duos
1069 2203 1218 2269 habitasse
1248 2201 1310 2264 fra-

211 2317 287 2388 tres,
317 2313 369 2395 qui
395 2323 519 2396 propter
546 2315 763 2382 multitudinem
792 2314 971 2377 daemonum
992 2313 1033 2375 ibi
1056 2313 1240 2396 degentium,
1273 2329 1311 2377 ne

212 2421 285 2487 alios
318 2442 356 2488 eo
385 2426 547 2490 monachos
578 2425 751 2505 deduceret,
780 2443 849 2488 eum
879 2423 1097 2487 admonueiint.
1142 2423 1311 2508 Regressus
1372 2455 1374 2459 ·
1475 2450 1476 2476 ι

212 2544 311 2602 autem
332 2553 425 2624 quum
436 2531 688 2624 opportunitatem
710 2537 769 2604 loci
791 2535 936 2600 fratribus
956 2534 1128 2616 indicasset,
1150 2535 1311 2597 multorum

212 2645 325 2709 animos
346 2647 543 2716 inllanrmatcs
571 2666 652 2728 esse,
686 2647 741 2712 sed
763 2655 883 2711 ceteros
906 2647 1032 2710 dixisse:
1061 2647 1187 2727 ,Locus
1206 2647 1263 2710 iste
1284 2637 1312 2710 si

211 2773 295 2836 vere,
316 2766 351 2822 ut
372 2760 509 2837 iactatur,
532 2780 549 2824 a
570 2760 676 2825 Jamne
699 2769 730 2823 et
750 2759 884 2824 blambre
908 2760 1041 2822 consitus
1064 2767 1120 2836 est,
1150 2777 1211 2821 non
1232 2759 1311 2823 aliud

211 2865 249 2928 de
270 2884 308 2928 oo
330 2871 515 2932 credendum
536 2880 592 2948 est,
615 2872 673 2938 nisi
694 2871 776 2950 quod
797 2871 908 2934 diaboli
930 2888 1023 2951 opere
1046 2870 1083 2933 ad
1104 2869 1311 2950 deceptionem

212 2983 346 3039 nostram
369 2990 561 3060 praeparatus
582 2981 631 3046 sit.
676 2981 707 3044 si
729 2981 810 3045 enim
831 2999 915 3061 vore,
938 2991 971 3046 ut
992 2983 1160 3062 perbibent,
1184 2982 1312 3049 delicio-

211 3102 265 3147 sus
286 3094 333 3150 est
354 3095 386 3150 et
414 3089 577 3168 abundans,
615 3091 686 3173 quid
708 3081 904 3171 operabimur
921 3091 952 3155 in
978 3091 1080 3164 futuro
1118 3093 1250 3174 soeculo,
1286 3093 1312 3158 si

211 3196 259 3258 hic
291 3197 407 3262 deliciis
436 3197 604 3262 fruimur?“
651 3202 765 3276 Quibus
797 3201 899 3266 verbis
932 3201 1051 3266 tandem
1080 3201 1231 3266 ferventes
1254 3202 1311 3266 iu-

211 3325 322 3368 venum
354 3308 468 3371 animos
497 3328 655 3390 repressos
689 3329 769 3376 esse.
829 3313 903 3374 Rem
937 3312 1069 3392 scriptor
1089 3311 1159 3374 libri
1187 3313 1312 3374 secundi

211 3415 288 3478 lama
323 3427 495 3502 acceperat3
534 3437 603 3486 nam
639 3423 777 3502 scripsit:
824 3419 1006 3502 „Petebant
1039 3438 1109 3486 euna
1150 3433 1313 3488 amatorem

211 3523 304 3612 fuisso
336 3575 343 3592 .
371 3579 380 3600 ,
411 3579 419 3602 ,
451 3530 498 3605 .“;
541 3539 620 3594 tum:
655 3533 730 3612 ,Ubi
770 3531 859 3596 eliam
899 3533 975 3596 duos
1013 3532 1121 3621 iratres
1158 3535 1313 3598 invenisse

206 3633 403 3724 serebatur.“
455 3639 595 3704 Fortasse
621 3644 709 3710 etiam
731 3643 809 3710 fama
831 3644 869 3708 de
891 3627 1018 3708 duobus¹
1031 3645 1197 3725 monachis,
1233 3660 1311 3724 quos

209 3747 359 3813 blacarius
378 3747 548 3838 Aegyptius
569 3752 600 3814 in
626 3753 837 3822 remotissimis
859 3755 1028 3824 solitudinis
1051 3757 1185 3841 partibus
1214 3755 1313 3822 nudos

215 3941 467 3962 ...ψ-,Ἣ

239 4065 266 4128 1)
286 4066 412 4120 blacrizi’s
433 4065 587 4128 Geschiebto
599 4067 654 4139 'der
669 4027 770 4138 Copten
790 4086 815 4127 v.
827 4031 903 4126 bord.
917 4067 1081 4128 Winstoniold
1103 4069 1216 4138 thting.
1238 4064 1311 4122 1845

286 4180 312 4230 p·
335 4167 398 4222 110.
422 4170 486 4225 111.
1120 4187 1123 4193 ¹

155 4341 160 4348 κ
239 4267 267 4336 2)
289 4265 351 4336 Cap.
372 4271 408 4326 29
428 4273 482 4328 VV.
503 4273 552 4324 l’l’.
575 4273 665 4332 llosw,
684 4287 710 4336 p.
731 4267 796 4336 480,
818 4275 835 4330 2
856 4287 912 4342 sqq.
1002 4327 1005 4336 Δ

29 4391 34 4446 l

31 4577 34 4660 l
