2990 4986
592 358 835 430 ..19..

166 563 289 626 brevem
327 559 475 642 quandam
512 561 777 625 commorationem
817 562 927 628 cadere
963 561 1145 644 credideris,
1180 582 1269 646 mam

166 672 290 736 liutinus
311 670 517 736 Alexandriae
547 668 663 750 feccrit,
695 679 852 752 antequam
882 671 914 736 in
940 671 1135 738 Palaestinam
1163 674 1269 742 abiret.

167 782 257 846 Certe
284 783 315 846 hi
344 783 459 864 aliquot
489 781 553 846 dies
574 797 685 844 annum
707 779 781 862 385,
811 800 871 863 quo
898 782 1079 864 Theophilus
1111 785 1271 867 episcopus

100 873 105 881 ⁸
167 893 370 958 Alexandriae
399 891 496 956 tactus
524 898 570 956 cst
587 886 630 973 ²),
664 890 856 956 antecedunt.
905 890 981 956 Nam
1006 893 1206 976 Hieronymus
1238 897 1271 962 iu

167 1004 319 1088 Apologia
332 1003 457 1066 Rufino:
483 1001 557 1081 ,Tu,
579 999 687 1082 iuquit,
708 1009 867 1082 postquam
887 1001 937 1066 hic
957 1001 1183 1089 (Theophilus)
1202 1009 1272 1088 epi·

168 1133 280 1196 scopus
300 1115 395 1180 factus
417 1122 472 1193 est,
494 1112 696 1178 Alexandriae
718 1127 780 1178 non
801 1112 902 1180 luisti“
917 1111 961 1197 ²)·
991 1116 1067 1180 Hinc
1088 1118 1182 1200 igitur
1203 1118 1271 1182 Hu-

170 1227 264 1292 finum
292 1226 339 1288 his
366 1231 479 1288 tontum
507 1223 711 1288 Alexandriae
747 1230 780 1288 et
817 1224 938 1305 quidem
970 1233 1041 1292 ento
1072 1245 1185 1292 anuum
1205 1227 1268 1290 385

169 1335 264 1403 fuisse
285 1334 380 1398 vides.

254 1445 406 1520 Quorsum
433 1443 520 1524 haec,
548 1461 627 1526 quae
656 1443 694 1508 dc
720 1442 827 1508 Rufino
857 1443 1090 1530 disputavimus,
1123 1453 1273 1529 spectent,

167 1555 237 1634 iam,
270 1572 396 1634 quaeso,
427 1553 590 1634 perpende.
644 1555 787 1638 Legimus
820 1555 899 1622 enim
935 1557 1014 1638 apud
1040 1558 1272 1640 Hieronymum:

172 1667 253 1746 ,Hos
276 1662 445 1750 (Euagrii)
473 1665 569 1730 libros
590 1683 646 1746 per
668 1666 823 1732 Orientem
845 1686 973 1750 graecos
1006 1678 1038 1734 et
1057 1670 1274 1750 interpretante

170 1777 317 1858 discipulo
346 1778 413 1840 eius
435 1776 542 1839 Rufino
570 1776 679 1840 latinos
712 1777 848 1858 plerique
880 1779 913 1842 in
934 1777 1098 1843 Occidente
1126 1779 1273 1846 lectitant

170 1887 229 1964 Oui
248 1887 360 1950 librum
381 1905 502 1968 quoque
531 1887 652 1968 scripsit
681 1888 767 1968 quasi
796 1889 834 1952 de
862 1889 1015 1954 monachis
1043 1891 1214 1972 multosque
1242 1892 1274 1954 in

171 2014 210 2060 eo
243 2005 411 2074 enumerat,
445 1997 497 2078 qui
534 2015 686 2078 nunquam
716 1997 839 2064 fuerunt
859 2007 901 2078 ct,
933 2015 1010 2080 quos
1037 1998 1131 2064 luisse
1158 2003 1274 2082 scribit,

172 2105 360 2189 origenistas
382 2109 419 2170 ab
441 2107 590 2187 episcopis
612 2108 766 2172 damnatos
787 2125 857 2172 esse
878 2126 940 2172 non
962 2108 1084 2174 dubium
1111 2118 1176 2190 est,
1196 2111 1275 2174 Am·

170 2219 303 2294 monium
325 2218 466 2282 videlicet
495 2227 526 2283 et
546 2218 710 2284 Eusebium
738 2228 769 2286 et
789 2219 981 2301 Euthymium
1009 2229 1040 2284 et
1071 2221 1169 2300 ipsum
1189 2219 1275 2284 Eua-

170 2332 282 2410 grium,
304 2330 347 2394 Or
364 2348 485 2412 quoque
501 2337 532 2394 et
545 2329 693 2394 isidorum
709 2338 740 2394 ct
752 2329 868 2403 multos
884 2329 971 2410 alios,
991 2345 1067 2410 quos
1083 2329 1274 2396 dinumerare

170 2440 300 2504 taedium
321 2447 381 2520 est,
401 2439 485 2503 iuxta
506 2437 580 2502 iHud
601 2438 734 2502 Lucretii
757 2435 805 2522 (l,
825 2437 890 2502 935
912 2437 1017 2526 sqq.)r

344 2547 391 2612 Ac
412 2549 507 2614 voluti
528 2548 631 2628 pueris
653 2547 800 2612 absinthia
821 2555 900 2616 tetra
921 2549 1080 2613 medentes

343 2657 419 2719 Oum
440 2639 513 2720 darc
534 2666 694 2729 conantur,
717 2657 802 2735 prius
824 2674 894 2722 oras
915 2659 1024 2738 pocula
1044 2660 1160 2722 circum

345 2763 530 2847 Oontiguunt
552 2764 632 2827 dulci
654 2763 751 2828 meHis
772 2764 910 2844 flavoque
931 2765 1061 2846 liquore,

168 2880 211 2945 ita
233 2877 285 2940 ille
307 2875 455 2940 loannem
476 2876 509 2938 in
528 2874 625 2956 ipsius
646 2874 716 2940 libri
736 2875 838 2954 posuit
858 2875 1018 2960 principio,
1049 2893 1138 2957 quem
1166 2885 1198 2941 et
1217 2895 1273 2941 ca·

170 2989 314 3053 tholicum
336 2993 367 3050 et
400 3004 549 3050 summum
578 2983 672 3050 fidisse
705 3003 767 3048 nou
796 2985 919 3050 dubium
955 2994 1014 3067 est,
1046 2995 1080 3052 ut
1108 3004 1164 3068 per
1192 2987 1273 3053 illius

171 3099 360 3164 occasionem
382 3103 512 3174 ceteros,
533 3111 609 3174 quos
630 3101 783 3174 posuerat,
804 3094 977 3162 haereticos
1003 3096 1150 3162 ecclesiae
1170 3098 1272 3162 iutro-

172 3207 326 3272 duceret.“
340 3205 372 3291 ³)
395 3207 485 3270 Hisce
499 3205 676 3287 Hieronymi
692 3205 794 3269 uerbis
811 3207 884 3286 quin
900 3207 979 3272 libet·
999 3206 1160 3288 indicetur,
1182 3225 1271 3289 quem

171 3317 350 3381 Hosweidus
379 3316 565 3397 „secundum
587 3315 697 3378 librum
718 3315 782 3378 VV.
806 3317 879 3384 PP.‘
904 3317 1056 3398 inscripsit
1069 3313 1114 3400 ⁴),
1141 3318 1173 3380 in
1211 3335 1271 3397 quo

171 3427 211 3491 de
231 3427 348 3490 Joanne
369 3427 465 3506 primo
486 3425 566 3506 loco,
588 3423 696 3506 deinde
718 3426 757 3489 de
776 3425 946 3509 Ammonio,
966 3427 1113 3510 Euagrio,
1135 3426 1189 3508 Or,
1211 3426 1272 3490 lsi-

250 3629 326 3666 senes
354 3627 459 3681 quoque
478 3612 679 3678 Mesopotamiae
701 3612 788 3678 „apud
809 3612 934 3665 Edessam
960 3621 986 3666 et
1010 3614 1037 3666 in
1058 3610 1190 3667 carrarum
1210 3631 1272 3683 par-

249 3703 336 3756 tibus‘⁸
358 3701 458 3754 vidisse
487 3701 566 3762 (Hist.
590 3699 662 3760 Eccl.
683 3700 742 3756 aar.
769 3700 817 3754 lib.
836 3703 881 3767 xl,
899 3701 941 3771 8),
961 3703 1032 3770 quod
1051 3704 1110 3769 iter,
1137 3713 1273 3772 postquam

251 3789 432 3856 Hierosolyma
450 3789 532 3853 venit,
553 3791 697 3842 instituisse
716 3789 829 3844 videtur.
1178 3803 1182 3812 “

202 3879 230 3949 l)
251 3879 323 3936 socr.
342 3878 375 3942 V,
399 3881 442 3934 ta.
481 3877 583 3935 Sozam.
603 3879 662 3942 vlt,
687 3879 731 3936 14.
769 3877 913 3936 Tillemont
933 3881 1068 3933 Hemoires
1098 3895 1165 3946 pour
1189 3880 1273 3931 servir

254 3969 270 4022 A
289 3965 417 4022 l'lristoire
428 3965 634 4036 ecclesiastique.
654 3966 735 4022 Paris.
749 3967 819 4022 1707
844 3967 872 4026 T.
884 3971 920 4022 tx
932 3984 958 4035 p.
977 3965 1042 4026 594.
1062 3970 1111 4020 ult
1124 3983 1151 4033 p.
1167 3963 1233 4031 447,
1247 3975 1273 4025 2.

253 4056 349 4124 Flaury
370 4055 517 4114 llistEccl.
539 4055 677 4123 (EdAug.
691 4053 770 4110 Viud.
791 4053 935 4124 acOeuop.
962 4054 1047 4124 troo)
1069 4054 1097 4112 Τ.
1108 4057 1148 4108 tv
1159 4070 1185 4122 p.
1209 4059 1273 4113 755.

203 4144 233 4212 2)
253 4144 330 4211 Apol.
349 4149 398 4204 ΙΙΙ.
420 4143 489 4212 Opp.
510 4145 616 4200 Hieron.
637 4143 678 4200 ed.
698 4143 796 4201 Boued.
816 4143 844 4200 Τ.
864 4145 900 4197 IV
919 4160 945 4211 p.
967 4141 1033 4199 455.

202 4234 232 4302 3)
252 4234 301 4300 Ep.
327 4237 380 4291 133
400 4233 434 4288 ad
455 4231 569 4301 ctesiph.
593 4229 659 4301 Opp.
680 4233 785 4290 Hieron.
806 4232 847 4290 ed.
867 4233 953 4301 Hique
974 4230 1002 4284 Τ.
1025 4233 1038 4283 1
1058 4245 1083 4298 p.
1107 4231 1190 4287 1¹51.

204 4319 235 4386 4)
255 4322 309 4376 HV.
332 4323 381 4376 Pl'.
403 4323 491 4378 Roaw.
514 4337 539 4390 p.
562 4317 618 4376 448
636 4309 696 4390 sqq.

1042 4420 1081 4474 ,.
