2990 4986
683 365 925 440 ..12-

252 567 387 650 patribus
414 567 534 647 scriptis
556 565 660 646 poesin
682 564 827 644 quandam
850 565 998 628 contineri
1021 563 1147 628 dixerim
1170 583 1187 627 a
1209 564 1295 628 lactis
1317 583 1352 627 ac

251 677 398 760 prodigiis
419 693 526 740 senum
553 674 734 755 prolectam,
763 675 817 738 sed
848 673 924 736 fama
952 683 982 736 et
1004 675 1118 755 poetica
1140 676 1239 757 gentis
1263 683 1352 756 atque

251 789 357 850 aetatis
379 786 479 850 indole
501 787 576 848 mire
598 785 746 848 excultam
769 793 800 848 ct
822 794 1005 849 exornatam.

338 897 370 978 S.
393 897 424 959 5.
468 897 527 960 Sed
548 897 622 958 haec
639 896 677 958 de
695 895 866 975 primordiis
883 895 963 960 vitae
977 896 1168 958 monachicae
1188 895 1351 961 sufficiunt.

252 1007 318 1070 Jam
339 1017 506 1088 antequam,
529 1025 605 1088 quae
620 1007 657 1070 de
673 1007 812 1070 Macariis
827 1006 980 1089 leguntur,
1003 1007 1145 1089 digerere
1165 1007 1353 1086 incipiamus,

252 1117 290 1180 de
322 1115 453 1181 fontibns
486 1119 620 1182 breviter
653 1135 836 1180 moneamus.
889 1117 1051 1196 Auctores,
1081 1117 1132 1196 qui
1153 1117 1353 1179 Macariorum

251 1236 388 1308 tempore
418 1235 470 1292 aut
490 1228 590 1308 paullo
613 1237 681 1308 post
710 1237 837 1292 mortem
865 1245 970 1290 eorum
997 1228 1028 1290 in
1050 1228 1190 1309 Aegypto
1219 1227 1353 1306 luerunt,

252 1339 294 1402 ita
326 1347 361 1402 ut
391 1338 440 1400 vel
471 1338 618 1402 Macarius
648 1339 704 1417 ipsi
737 1337 868 1400 viderint
895 1339 945 1400 vel
977 1339 1013 1400 ab
1046 1357 1151 1401 eorum
1181 1339 1354 1419 aequalibus

251 1449 351 1512 edocti
373 1451 444 1528 sint,
471 1451 593 1512 nomino
615 1449 790 1530 Euagrium,
819 1447 968 1526 Rufinum,
999 1449 1225 1530 Hieronymum,
1253 1450 1354 1512 Palla-

252 1560 344 1639 dium,
367 1559 548 1622 Cassianum.
594 1561 738 1638 Quorum,
769 1560 794 1622 si
815 1557 962 1622 Macarius
990 1569 1124 1640 spectas,
1146 1561 1354 1640 locupletissi-

252 1665 319 1734 mu's
341 1679 430 1752 atque
452 1670 612 1734 fidissimus
635 1673 720 1734 testis
738 1670 952 1747 estPalladius,
975 1672 1025 1752 qui
1048 1671 1180 1734 secundo
1193 1671 1355 1734 Theodosii

251 1783 352 1865 magni
374 1781 547 1862 imperantis
563 1799 639 1843 anno
652 1781 689 1843 ad
700 1789 818 1861 portum
831 1781 1032 1844 Alexandriae
1044 1783 1155 1862 appulit
1170 1788 1206 1862 ¹),
1228 1783 1354 1864 triginta

251 1911 307 1956 sex
336 1893 488 1954 mensibus
516 1893 547 1954 in
570 1892 769 1969 monasteriis,
804 1909 879 1970 quae
909 1892 989 1952 circa
1010 1891 1224 1954 Alexandriam
1256 1899 1354 1970 erant,

249 2004 380 2084 peractis
415 2003 446 2064 in
482 2010 615 2064 montem
648 2001 763 2064 Nitriae
810 2001 936 2064 secessit
953 2005 999 2080 ²),
1038 2013 1068 2066 et
1103 2005 1135 2065 in
1168 1999 1288 2083 Celliis,
1322 2003 1355 2065 in

250 2115 359 2194 quibus
381 2133 491 2177 novem
513 2131 608 2176 annos
629 2113 829 2196 transigebat,
859 2123 921 2177 tres
951 2133 1010 2176 una
1032 2131 1100 2178 cum
1122 2116 1253 2178 Macaria
1275 2113 1355 2178 Ale-

250 2225 399 2287 xandrino
429 2226 505 2288 vixit
516 2228 553 2301 ³).
599 2224 766 2306 Aegyptius
788 2241 862 2286 vero
891 2224 1039 2287 Macarius
1075 2243 1163 2303 anno,
1195 2235 1355 2304 antequam

250 2335 398 2399 Palladius
420 2337 450 2396 in
473 2336 664 2398 solitudinem
678 2336 901 2418 egrediebatur,
925 2346 1061 2400 mortuus
1084 2343 1151 2398 erat
1164 2339 1201 2413 Ἴ.
1248 2336 1355 2418 ltaque

251 2445 338 2508 facile
359 2444 520 2526 intelligis,
550 2447 756 2508 auctoritatem
779 2443 898 2508 Palladii
931 2449 1050 2508 maximi
1077 2445 1241 2508 faciendam
1274 2463 1356 2526 esse,

255 2556 347 2636 idque
370 2573 407 2618 eo
430 2557 537 2638 magis,
560 2573 650 2637 quum
673 2575 706 2620 sc
723 2557 1027 2644 lidumspectatorem
1048 2557 1188 2620 exhibeat
1210 2565 1241 2620 et
1262 2557 1357 2640 longa

253 2683 399 2729 annorum
421 2667 502 2730 serie
527 2685 584 2745 „ex
605 2669 719 2730 virtute
746 2676 832 2749 gesta
860 2676 1032 2730 sanctorum
1061 2675 1293 2746 sanctarumque
1323 2667 1356 2728 in

251 2775 383 2856 Aegypti
404 2777 564 2840 solitudine
586 2775 666 2838 etin
688 2779 780 2860 Libya
803 2787 834 2839 et
856 2777 1006 2840 Thebaide
1027 2787 1058 2842 et
1067 2778 1166 2859 Syene
1189 2787 1218 2841 et
1232 2779 1356 2840 Taben-

251 2886 309 2964 niS‚
331 2886 439 2947 deinde
460 2887 491 2946 in
514 2885 736 2964 Mesopotamia,
766 2886 931 2950 Palaestina
953 2897 982 2951 et
1004 2889 1090 2970 Syria
1112 2897 1142 2951 et
1164 2889 1195 2950 in
1217 2887 1355 2968 partibus

251 2995 424 3058 Occidentis
445 2995 608 3057 ethomae
630 3005 661 3058 et
682 2997 713 3058 in
724 2997 886 3078 Campania
903 3007 933 3061 et
955 2999 986 3062 in
1008 3001 1055 3079 iis,
1078 3017 1154 3080 quae
1177 3007 1248 3062 sunt
1270 2999 1356 3060 circa

252 3123 314 3184 eas,
336 3106 503 3184 partibus“,
525 3105 591 3184 ipse
613 3109 833 3189 peregrinando
856 3112 1035 3191 cognoverit
1051 3116 1081 3185 ⁵).
1126 3111 1227 3189 hiber,
1262 3127 1355 3188 quem

250 3215 397 3279 Palladius
419 3216 457 3277 de
478 3217 629 3279 monachis
651 3217 757 3298 edidit,
779 3219 877 3282 Lauso
899 3220 1014 3282 cuidam
1033 3221 1203 3299 praeposito
1225 3220 1355 3282 dedica-

251 3335 300 3390 tus
327 3336 389 3405 est,
422 3329 516 3390 unde*
531 3346 640 3392 nomen
667 3327 826 3391 historiae
853 3327 1050 3410 Moesiacos,
1087 3339 1137 3392 aut
1173 3331 1354 3410 simpliciter

250 3432 431 3498 Louaiocoe
447 3436 581 3521 (graece
600 3437 737 3524 Ἱστοριά
757 3439 1001 3525 πρόςΛαῦσον)
1024 3442 1125 3506 traxit.
1170 3440 1262 3504 Cuius
1286 3451 1353 3506 tres

251 3555 355 3612 extant
375 3549 482 3612 latinae
503 3552 660 3614 versiones
681 3552 768 3614 valde
789 3553 868 3614 inter
890 3571 923 3615 se
946 3552 1128 3620 differentes.
1171 3552 1219 3616 Ex
1240 3553 1352 3633 quibus

251 3679 298 3740 eu,
321 3679 397 3740 quae
420 3661 530 3725 ceteris
552 3663 667 3727 duabus
697 3664 791 3727 multo
813 3661 992 3743 locupletior
1013 3673 1070 3743 est,
1099 3663 1246 3728 Gentiano
1268 3665 1354 3728 Her-

256 3801 488 3814 ----—-—...-......

278 3875 306 3940 1)
328 3873 394 3930 Misi.-
415 3875 491 3930 Laus,
511 3890 567 3940 cap.
591 3879 615 3930 1.
656 3873 723 3942 Opp.
744 3875 837 3930 Meurs.
857 3873 884 3930 T.
905 3877 972 3926 Vlll
993 3891 1019 3943 p.
1040 3871 1107 3930 348.

277 3963 306 4027 2)
328 3962 394 4020 lbid.
415 3979 471 4030 cap.
491 3964 509 4016 8
531 3979 556 4029 p.
579 3964 644 4018 360.

276 4051 306 4118 3)
328 4050 394 4109 lbid.
414 4068 470 4118 cap.
491 4055 526 4106 21
549 4067 573 4117 p.
594 4051 660 4106 396.

276 4136 307 4204 4)
329 4140 395 4198 lbid.
415 4157 473 4208 cap.
495 4141 531 4195 20
552 4155 578 4205 p.
602 4139 668 4195 aad.

277 4230 307 4295 5)
328 4230 434 4298 Prolog.
452 4227 652 4283 adllist.Laus.
695 4225 761 4294 Opp.
782 4228 875 4282 Maura.
896 4227 913 4282 l.
934 4227 950 4278 l.
972 4242 999 4294 p.
1018 4225 1083 4284 340.
1123 4228 1177 4284 VV,
1199 4227 1354 4284 PRRoaw·

327 4335 353 4385 p.
380 4319 444 4376 706.
