2974 4964
562 377 855 454 -ttt-

161 603 228 662 tare
251 597 386 677 cogunt,
421 587 513 670 atque
535 586 748 670 gravissimum
772 601 909 656 somnum
932 577 1095 649 inmittunt
1124 601 1256 670 magno-

102 729 108 740 f
162 721 237 786 pare
263 719 281 766 a
304 689 458 766 consueto
481 695 655 774 doersum,
678 691 781 773 idque,
801 696 835 758 ut
858 693 888 756 in
910 690 1088 772 quibusdam
1112 691 1256 761 iratribus

162 805 390 890 deprehensum
404 797 789 881 est,natnraineilabiliter
810 798 973 864 renitente.
995 798 1083 887 Quod
1106 816 1165 884 ego
1188 817 1256 864 eum

134 890 340 998 'trementer
364 912 592 986 observassem,
614 911 681 990 ipse
702 909 845 989 comperi.
898 895 1071 988 Capessunt
1093 907 1254 991 palpebras

162 1029 321 1091 minutato
344 1018 570 1104 captatoque
594 1019 718 1100 proprio
740 1033 874 1098 corpore
899 1015 1116 1100 frigefactant3
1148 1018 1256 1098 admo·
1381 1043 1384 1048 ·

161 1133 339 1212 drimenim
360 1130 477 1216 frigida
491 1133 563 1202 sunt
585 1126 765 1196 daemonum
789 1130 986 1206 corpora-et
1007 1123 1257 1208 crystallosimi-

161 1242 219 1323 ba,
251 1241 332 1308 uude
354 1245 387 1332 et
409 1244 503 1321 caput
524 1237 674 1304 sentimus
702 1232 788 1301 velut
813 1233 971 1298 cucurbita
999 1235 1184 1314 medicermn
1208 1244 1264 1320 at,

163 1357 294 1420 nactum
316 1349 541 1416 cumsuidorc.
574 1346 640 1412 lloc
663 1349 764 1414 autern
790 1342 915 1439 facium,
939 1348 983 1422 ut,
1007 1345 1034 1408 si
1056 1344 1178 1413 insitum
1192 1345 1258 1412 cal-

164 1477 222 1526 vae
238 1457 381 1524 ualerem
402 1455 440 1520 ad
463 1456 599 1536 seipsos
622 1451 785 1530 traxerint,
808 1447 974 1532 palpebrae
990 1447 1116 1520 humore
1139 1449 1258 1517 demum

167 1573 200 1632 et
222 1566 338 1652 iripcre
366 1562 524 1629 relaxatae
562 1556 769 1630 circumfluant
795 1552 915 1638 pupillis
943 1551 1110 1618 ocrdornm.
1159 1555 1259 1630 Quare
1326 1603 1338 1618 .

170 1674 336 1760 palpebras
361 1689 457 1756 saepe
481 1665 724 1744 eicontreetavi,
746 1663 962 1728 inueniinstar
984 1659 1261 1744 crystallicempa-

167 1787 250 1860 ctas,
269 1784 433 1858 ,totamque
455 1774 563 1843 faciem
585 1773 698 1846 merted
719 1769 848 1846 similem
869 1774 904 1834 et
922 1766 1087 1834 borndam.
1116 1767 1262 1832 Attamen

165 1901 293 1973 ponam
316 1880 466 1953 namnetis
481 1897 613 1963 corpora
635 1867 1001 1957 seletacitsanorumque
1025 1873 1124 1964 vultus
1148 1871 1261 1940 nitidm

22 1995 32 2015 '
165 1988 276 2068 reddit,
305 1986 386 2070 qnod
407 1989 475 2070 ipsa
497 2003 618 2068 quoque
642 1971 832 2070 experientia
855 1983 1009 2050 discimus.
1032 1979 1157 2081 seddi
1180 1998 1259 2044 eon-

166 2104 215 2165 tra
236 2083 375 2169 namnam
405 2113 446 2162 err
468 2113 525 2162 ore
545 2095 665 2170 uirium
696 2093 835 2164 distento
867 2093 1082 2161 oscitationem
1115 2090 1259 2170 effidmt,
1357 2091 1361 2106 “

165 2210 361 2275 attenuantes
395 2219 442 2282 se,
466 2208 498 2278 et
520 2205 667 2271 interiora
690 2204 754 2268 oris
783 2206 980 2288 occupantes.
1036 2201 1104 2286 Ego
1139 2198 1258 2282 qudem

162 2309 297 2383 noudum
320 2313 379 2383 lucc
401 2312 549 2394 intellexi,
573 2316 634 2392 siet
656 2293 812 2396 persaepe
832 2331 946 2396 passus
970 2316 1097 2394 simut
1119 2318 1258 2379 aaucbm

164 2421 331 2498 biaoariam
352 2419 451 2490 audivi
471 2420 514 2489 de
537 2420 678 2489 bocmibi
700 2421 890 2502 loquentem,
911 2421 963 2502 bui
984 2421 1100 2486 adrem
1122 2419 1259 2501 proban-

165 2529 234 2597 dam
257 2529 360 2599 atbulit
380 2529 576 2620 coenantium
599 2513 868 2608 consuetudinem,
894 2545 931 2594 os
954 2529 1168 2612 signoonrcis
1191 2545 1261 2593 mu-

165 2637 269 2707 niendi
302 2655 344 2706 ex
364 2636 529 2712 deditione,
547 2636 670 2718 morra
695 2633 945 2714 immemoriali't
990 2634 1135 2717 (letenna
1161 2636 1260 2701 omnia

163 2739 216 2806 illa
238 2742 385 2824 patimur,
420 2743 489 2824 quia
516 2741 641 2806 lectioni
664 2757 725 2807 non
748 2739 932 2806 obaudimus
954 2739 1134 2828 vigianter,
1161 2757 1261 2824 nepus

165 2851 275 2912 muco
303 2847 361 2913 Dei
383 2847 442 2915 riri
465 2845 587 2928 abacia
616 2841 806 2932 sublegere
829 2843 918 2914 nobis
950 2849 1067 2915 conscii
1089 2845 1260 2928 sumnam).

164 2950 249 3018 llaec
279 2951 400 3034 pidem
426 2953 549 3038 Euagrii
575 2955 692 3018 notabo
722 2953 761 3018 ad
801 2959 989 3022 renotatam
1020 2955 1260 3036 masuamdinie,

164 3075 224 3140 qna
245 3059 419 3126 oscitantes
442 3077 480 3126 os
503 3061 593 3146 signo
616 3050 846 3126 crncismunire
869 3061 985 3144 solent,
1007 3061 1260 3145 comprobandam

164 3165 348 3252 maissima
370 3170 432 3230 est.
474 3166 550 3234 Uter
572 3185 650 3242 vero
665 3168 818 3234 Macarius
842 3167 891 3234 illa
914 3168 1048 3254 Euagrie
1070 3168 1260 3252 exposuerit,
1334 3241 1340 3246 ,

167 3275 254 3337 certo
276 3272 328 3346 uix
350 3271 531 3354 definietur3
563 3291 741 3360 maumam·
755 3287 823 3340 mum
845 3275 997 3360 Euagrius
1024 3273 1073 3340 bis
1095 3273 1259 3338 biaoariam

164 3375 348 3460 Aegyptium
370 3378 509 3444 laudibus
533 3379 693 3462 extulerit,
727 3381 806 3446 baud
828 3384 999 3468 incongrue
1022 3380 1192 3460 creditur,
1211 3377 1259 3444 bic

168 3503 301 3572 (pioque,
324 3487 375 3554 ubi
398 3487 577 3572 simpliciter
594 3489 719 3557 Maeonii
742 3492 856 3556 mentio
880 3476 927 3573 it„
946 3489 1076 3556 eundem
1099 3487 1234 3573 intelligi.

256 3594 317 3660 Sed
341 3597 593 3670 audianusnunc
616 3617 666 3679 ea,
689 3618 768 3682 quae
790 3599 880 3666 nobis
898 3600 1028 3682 praebet
1048 3599 1259 3682 Hieronymus.
1330 3607 1344 3638 ‘
1399 3593 1401 3596 ’

256 3708 283 3778 b
307 3706 359 3771 29.
380 3706 412 3774 ls
431 3708 728 3796 ¹blacarioeparsim
747 3711 779 3774 iu
802 3709 961 3792 epistolis,
984 3709 1041 3776 sed
1063 3708 1165 3778 obiter
1186 3714 1273 3774 tm·

165 3815 230 3879 tum
252 3822 478 3883 commemorat
523 3816 557 3882 ln
585 3815 758 3890 Palaestina
785 3819 868 3884 vitae
898 3818 1094 3887 monachicae
1121 3819 1190 3900 ipse
1222 3835 1258 3882 se

166 3915 306 4000 dederat,
329 3941 416 4004 mam
440 3931 550 4006 quanta
573 3925 733 3990 dulcedine
755 3925 918 4009 amplexus
942 3930 992 4008 sit,
1016 3929 1082 3991 eius
1107 3924 1257 4008 epistolae

168 4025 197 4087 2.
230 4026 258 4091 3.
289 4029 339 4092 14.
368 4025 419 4095 22.
451 4033 506 4110 221,
537 4051 614 4113 quae
651 4035 756 4104 onmes
788 4040 860 4098 ante
890 4052 999 4098 annum
1030 4033 1093 4096 384
1124 4031 1258 4112 scriptae

168 4183 426 4202 Ἥ

188 4276 212 4344 1)
233 4281 354 4332 (lraecct
375 4284 447 4336 nard
470 4279 601 4353 ripxatar
619 4284 789 4355 παράδοσιν
809 4283 948 4359 ἅρῤηιον.

108 4433 124 4447 ‚
185 4365 214 4428 a)
235 4367 304 4418 ntur.
325 4371 457 4424 cariano.
476 4375 495 4425 r.
516 4375 536 4426 r.
553 4365 586 4440 p.
608 4378 666 4435 aar.
