2990 4986
577 328 821 399 ..61-

154 527 229 592 ritus
251 529 346 592 sancti
370 528 497 612 gratiam
520 525 697 604 abundabat,
719 526 909 592 confirmaret
930 517 970 606 ei,
1004 527 1132 608 qualiter
1153 537 1256 607 posset

155 639 275 702 iuvante
297 638 426 700 Domino
448 637 571 700 insidias
593 646 684 718 utque
705 638 943 720 impugnationes
965 637 1086 720 maligni
1113 636 1254 715 eredere,

156 757 380 831 praemoneret,
402 747 590 829 respondens
612 748 718 812 beatus
738 748 888 812 Maserius
910 748 998 812 dixit:
1021 748 1053 812 Si
1073 765 1148 810 vere
1169 747 1254 810 desi-

155 858 244 922 deras
266 879 306 922 ox
329 868 395 922 toto
418 859 510 922 corde
531 859 706 924 renuntiare
722 861 792 922 huic
814 859 947 938 saeculo,
967 857 1069 938 filiole,
1090 868 1120 922 et
1140 857 1255 922 adbae-

150 987 223 1032 rere
236 969 365 1032 Domino
378 968 534 1046 Salvatori,
557 968 635 1031 sicut
647 968 718 1032 dicit
740 969 886 1049 propheta
907 970 938 1032 iu
960 970 1087 1049 psalmo:
1109 969 1254 1034 Adhaesit

151 1081 249 1142 euima
272 1099 338 1144 meu
366 1088 433 1160 post
461 1087 510 1154 te,
532 1095 580 1140 me
612 1087 711 1142 autem
740 1079 874 1159 suscepit
902 1079 1008 1142 dextra
1042 1088 1101 1158 tua,
1135 1085 1254 1160 (paratu

151 1189 232 1252 euim
255 1198 302 1256 est
329 1191 434 1254 dextra
455 1187 585 1268 Domini,
607 1187 818 1270 confugientes
841 1189 878 1252 ud
900 1206 935 1252 se
955 1189 1137 1268 suscipere),
1159 1207 1254 1270 opor-

151 1307 195 1364 tet
224 1307 254 1363 te
282 1300 454 1363 renuntiare
483 1299 554 1362 huic
583 1299 695 1362 mundo
725 1308 756 1362 et
785 1317 889 1364 omnes
918 1309 1003 1364 octus
1025 1300 1090 1362 eius
1112 1299 1253 1374 obiicere,

149 1411 228 1474 sicut
240 1409 312 1474 dicit
334 1409 486 1490 apostolus
508 1410 645 1474 scribens
660 1410 697 1472 ad
710 1409 922 1476 colossenses:
944 1410 1057 1474 Mortui
1079 1411 1158 1473 enim
1181 1411 1254 1474 estis

148 1519 218 1584 huic
241 1520 351 1584 mundo
374 1528 405 1582 et
427 1519 489 1582 vita
510 1527 612 1582 vestra
634 1519 807 1584 abscondite
829 1527 875 1584 est
897 1537 966 1585 cum
983 1521 1102 1584 Christo
1124 1522 1155 1584 iu
1177 1521 1252 1586 Deo.

150 1627 223 1692 Cum
245 1631 473 1694 enimeristus
495 1631 675 1710 apparuerit,
694 1631 754 1694 vitu
775 1639 888 1708 vestra,
911 1639 982 1695 tunc
1004 1641 1101 1697 etvos
1123 1651 1253 1714 appare-

147 1741 217 1808 bitis
240 1741 395 1820 cumipse
422 1739 453 1802 in
486 1739 593 1821 gloria.
638 1739 720 1802 llaec
753 1739 878 1830 audieus
910 1739 1011 1802 iunior
1034 1741 1121 1808 dixit:
1155 1743 1252 1806 Crede

149 1852 230 1931 nubi,
252 1851 424 1916 beatissime
446 1859 541 1928 pater,
564 1850 634 1929 quia
654 1858 685 1913 et
708 1859 839 1914 mentem
861 1869 957 1914 meum
979 1850 1106 1914 alienavi
1135 1851 1171 1914 ab
1193 1853 1252 1914 boo

148 1963 271 2040 mundo,
293 1971 324 2026 et
346 1961 382 2022 ab
400 1960 558 2038 omnibus„
571 1977 647 2039 quae
669 1961 700 2022 in
722 1977 759 2022 eo
782 1967 861 2038 suut,
884 1970 917 2024 ut
938 1961 997 2022 iam
1011 1970 1150 2041 tunquam
1172 1979 1251 2024 mor-

148 2083 219 2137 tuus
241 2073 348 2154 degam
377 2071 409 2132 in
430 2070 518 2134 huius
540 2071 683 2150 temporis
709 2071 777 2133 vita.
823 2070 958 2152 Cognovi
992 2071 1081 2150 enim,
1112 2073 1252 2152 quoniam

148 2181 322 2262 temporalia
345 2189 376 2244 et
405 2182 577 2244 transitoria
599 2188 688 2260 atque
710 2181 915 2260 corruptibilia
946 2191 1016 2244 sunt
1037 2183 1145 2260 omnia,
1175 2201 1252 2262 quae

145 2293 177 2354 in
209 2292 268 2354 hoo
300 2291 411 2354 mundo
439 2291 580 2354 videntur
612 2309 682 2354 esse
709 2291 797 2355 bona.
851 2291 935 2354 'luno
964 2291 1036 2356 dicit
1070 2294 1099 2356 ei
1128 2295 1249 2358 senior:

147 2400 229 2464 Audi
250 2419 308 2480 me,
330 2403 382 2481 lili,
403 2411 434 2465 et
455 2402 531 2464 vsde
553 2400 590 2464 ad
611 2400 770 2480 sepulchra
792 2409 990 2480 mortuorum,
1013 2410 1044 2466 et
1065 2404 1252 2482 quampluri-

148 2512 205 2576 mis
227 2513 355 2590 iuiuriis‚
379 2511 478 2574 multis
501 2511 648 2574 conviciis
671 2511 907 2588 ac'melediotiS,
936 2513 1024 2574 etiam
1047 2521 1077 2576 et
1104 2511 1251 2592 lapidibus

147 2640 203 2686 eos
226 2622 387 2700 detestare,
410 2629 444 2684 ut
454 2620 623 2708 ¹provocati
644 2619 802 2682 irritentur
823 2619 969 2682 adversus
999 2629 1037 2684 te.
1082 2619 1135 2682 llis
1164 2621 1252 2685 sudi·
1343 2607 1346 2613 ’

146 2732 187 2796 tis
208 2731 310 2794 iunior
331 2729 429 2794 sunm
451 2729 588 2810 perrexit
609 2727 646 2790 ad
668 2736 859 2793 monumenta
880 2737 1078 2792 mortuorum.
1119 2730 1251 2812 Cumque

145 2841 314 2910 secundum
343 2847 536 2919 praeceptum
563 2838 644 2902 beati
673 2839 803 2900 senioris
831 2838 932 2910 multis
963 2857 1027 2917 eos,
1056 2849 1088 2904 ut
1120 2841 1249 2924 putabet,

144 2952 263 3014 iniuriis
287 2949 446 3024 affecisset,
470 2965 614 3010 reversus
630 2947 813 3013 edsauctum
823 2948 988 3012 illusorium
1011 2949 1084 3012 dixit
1106 2949 1145 3026 ei,
1169 2950 1249 3030 quod

144 3061 271 3136 iecerat,
300 3058 559 3139 interrogavitque
588 3075 655 3120 eum
687 3057 800 3134 senior,
829 3058 855 3120 si
877 3057 950 3133 nihil
972 3059 1001 3120 ei
1022 3059 1250 3139 respondissent

145 3172 190 3235 illi
211 3172 346 3236 mortui?
368 3170 408 3234 Et
429 3169 617 3248 respondens
639 3169 728 3231 dixit:
758 3167 838 3232 Nihil
867 3170 986 3249 penitus
1009 3170 1160 3248 dixerunt,
1190 3171 1249 3232 do-

145 3282 234 3352 miue.
281 3281 392 3344 lterum
422 3288 519 3342 autem
543 3279 694 3358 praecepit
723 3279 751 3342 ei
774 3280 894 3348 diceus:
925 3281 1025 3362 Perge
1046 3279 1177 3342 crastino
1200 3280 1249 3342 die

145 3403 178 3461 et
207 3392 308 3456 mullis
343 3391 511 3471 praeconiis
541 3389 676 3454 collaudo
706 3399 737 3452 et
770 3391 906 3472 glorifica
928 3407 991 3458 eos.
1035 3389 1118 3452 Abiit
1138 3390 1249 3476 iterum

144 3503 241 3568 freter
261 3504 299 3564 ad
319 3503 686 3584 sepulchramortuorum,
708 3510 739 3564 et
761 3502 859 3580 coepit
880 3500 1003 3564 laudare
1015 3499 1247 3582 honorificisque

145 3614 337 3680 sermonibus
359 3611 530 3694 glorificare
551 3627 605 3674 eos
627 3611 745 3674 dicens:
775 3611 837 3673 Vos
870 3610 971 3693 magni
992 3612 1065 3674 estis
1095 3619 1124 3674 et
1153 3609 1247 3672 sancti

144 3731 177 3788 et
199 3723 311 3786 similes
335 3721 507 3802 apostolicis
530 3721 604 3784 viris
626 3731 657 3785 et
678 3721 790 3786 iustitia
811 3739 919 3804 magna
940 3723 970 3782 in
993 3722 1080 3784 vobis
1110 3730 1165 3784 est.
1208 3719 1247 3782 Et

144 3832 218 3896 elias
240 3833 470 3914 quamplurimas
492 3831 595 3894 leudes
625 3849 692 3892 cum
722 3831 759 3893 ad
788 3848 842 3894 eos
871 3832 1007 3910 dixisset,
1035 3848 1179 3894 reversus
1208 3829 1246 3892 ad

145 3941 251 4004 cellam
274 3943 348 4006 dixit
369 3941 499 4005 seniori:
521 3941 602 4002 Ecce
623 3941 787 4004 secuudum
801 3950 994 4022 praeceptum
1010 3949 1103 4018 tuum,
1126 3940 1245 4002 domine

144 4059 242 4132 pater,
263 4052 382 4116 laudaui
404 4061 434 4115 et
453 4049 619 4133 glorificavi
641 4049 708 4112 illos
730 4058 867 4112 mortuos
889 4058 920 4112 et
941 4049 1013 4110 nihil
1035 4048 1105 4110 mihi
1125 4049 1245 4129 penitus

145 4161 295 4226 dixerunt.
349 4162 433 4224 Tunc
462 4161 537 4224 dixit
572 4161 601 4222 ei
630 4168 752 4223 sanctus
783 4161 948 4223 Macarius:
983 4158 1156 4238 Considera,
1190 4161 1243 4242 lili,

144 4274 294 4352 quoniam,
316 4272 395 4337 siout
415 4259 530 4332 iniuriis
553 4279 583 4334 et
595 4271 782 4334 contumeliis
800 4269 992 4352 exprobrasti
1012 4269 1080 4333 illos
1097 4278 1243 4350 mortuos,
