<?xml version="1.0" encoding="UTF-8"?>
<!DOCTYPE html PUBLIC "-//W3C//DTD XHTML 1.0 Transitional//EN"
    "http://www.w3.org/TR/xhtml1/DTD/xhtml1-transitional.dtd">
<html xmlns="http://www.w3.org/1999/xhtml" xml:lang="en" lang="en">
 <head>
  <title>
</title>
<meta http-equiv="Content-Type" content="text/html;charset=utf-8" />
  <meta name='ocr-system' content='tesseract 3.04.00' />
  <meta name='ocr-capabilities' content='ocr_page ocr_carea ocr_par ocr_line ocrx_word'/>
</head>
<body>
  <div class='ocr_page' id='page_1' title='image "./macariiaegyptii00macagoog_0075.png"; bbox 0 0 2990 4986; ppageno 0'>
   <div class='ocr_carea' id='block_1_1' title="bbox 537 439 916 554">
    <p class='ocr_par' dir='ltr' id='par_1_1' title="bbox 537 439 916 554">
     <span class='ocr_line' id='line_1_1' title="bbox 537 439 916 554; baseline 0.008 -44"><span class='ocrx_word' id='word_1_1' title='bbox 537 439 916 554; x_wconf 45' lang='lat'><strong>·-60-</strong></span> 
     </span>
    </p>
   </div>
   <div class='ocr_carea' id='block_1_2' title="bbox 231 639 1416 4049">
    <p class='ocr_par' dir='ltr' id='par_1_2' title="bbox 243 639 1346 1054">
     <span class='ocr_line' id='line_1_2' title="bbox 245 639 1345 725; baseline 0.005 -21"><span class='ocrx_word' id='word_1_2' title='bbox 245 654 344 708; x_wconf 90' lang='lat' dir='ltr'>antem</span> <span class='ocrx_word' id='word_1_3' title='bbox 375 642 554 725; x_wconf 68' lang='lat' dir='ltr'>locupletior</span> <span class='ocrx_word' id='word_1_4' title='bbox 590 640 701 703; x_wconf 89' lang='lat' dir='ltr'>ceteris</span> <span class='ocrx_word' id='word_1_5' title='bbox 742 639 772 702; x_wconf 94' lang='lat' dir='ltr'>in</span> <span class='ocrx_word' id='word_1_6' title='bbox 814 639 872 702; x_wconf 88' lang='lat' dir='ltr'>hoc</span> <span class='ocrx_word' id='word_1_7' title='bbox 905 640 1004 722; x_wconf 86' lang='lat' dir='ltr'>capite</span> <span class='ocrx_word' id='word_1_8' title='bbox 1043 651 1090 706; x_wconf 89' lang='lat' dir='ltr'>est</span> <span class='ocrx_word' id='word_1_9' title='bbox 1130 643 1250 724; x_wconf 90' lang='lat' dir='ltr'>antiqua</span> <span class='ocrx_word' id='word_1_10' title='bbox 1288 645 1345 710; x_wconf 87' lang='lat' dir='ltr'>ista</span> 
     </span>
     <span class='ocr_line' id='line_1_3' title="bbox 244 749 1346 836; baseline 0.001 -17"><span class='ocrx_word' id='word_1_11' title='bbox 244 757 357 835; x_wconf 86' lang='lat' dir='ltr'>versio,</span> <span class='ocrx_word' id='word_1_12' title='bbox 379 772 455 836; x_wconf 90' lang='lat' dir='ltr'>quae</span> <span class='ocrx_word' id='word_1_13' title='bbox 476 753 507 815; x_wconf 95' lang='lat' dir='ltr'>in</span> <span class='ocrx_word' id='word_1_14' title='bbox 520 749 672 814; x_wconf 87' lang='lat' dir='ltr'>Roswcidi</span> <span class='ocrx_word' id='word_1_15' title='bbox 694 751 856 830; x_wconf 81' lang='lat' dir='ltr'>appendice</span> <span class='ocrx_word' id='word_1_16' title='bbox 878 757 968 815; x_wconf 86' lang='lat' dir='ltr'>extat</span> <span class='ocrx_word' id='word_1_17' title='bbox 1016 752 1098 828; x_wconf 84' lang='lat' dir='ltr'>Quae</span> <span class='ocrx_word' id='word_1_18' title='bbox 1120 754 1251 834; x_wconf 89' lang='lat' dir='ltr'>primurn</span> <span class='ocrx_word' id='word_1_19' title='bbox 1273 765 1346 836; x_wconf 89' lang='lat' dir='ltr'>post</span> 
     </span>
     <span class='ocr_line' id='line_1_4' title="bbox 243 861 1345 948; baseline 0.001 -18"><span class='ocrx_word' id='word_1_20' title='bbox 243 867 323 931; x_wconf 87' lang='lat' dir='ltr'>illam</span> <span class='ocrx_word' id='word_1_21' title='bbox 355 866 394 929; x_wconf 91' lang='lat' dir='ltr'>dc</span> <span class='ocrx_word' id='word_1_22' title='bbox 425 863 534 928; x_wconf 85' lang='lat' dir='ltr'>femina</span> <span class='ocrx_word' id='word_1_23' title='bbox 562 863 594 925; x_wconf 95' lang='lat' dir='ltr'>in</span> <span class='ocrx_word' id='word_1_24' title='bbox 622 879 729 942; x_wconf 88' lang='lat' dir='ltr'>equam</span> <span class='ocrx_word' id='word_1_25' title='bbox 759 871 870 926; x_wconf 89' lang='lat' dir='ltr'>mutata</span> <span class='ocrx_word' id='word_1_26' title='bbox 898 861 1051 927; x_wconf 79' lang='lat' dir='ltr'><strong>historiam</strong></span> <span class='ocrx_word' id='word_1_27' title='bbox 1079 864 1155 928; x_wconf 89' lang='lat' dir='ltr'>hanc</span> <span class='ocrx_word' id='word_1_28' title='bbox 1177 866 1216 930; x_wconf 92' lang='lat' dir='ltr'>de</span> <span class='ocrx_word' id='word_1_29' title='bbox 1243 867 1345 948; x_wconf 89' lang='lat' dir='ltr'>puella</span> 
     </span>
     <span class='ocr_line' id='line_1_5' title="bbox 244 977 379 1054; baseline -0.022 -14"><span class='ocrx_word' id='word_1_30' title='bbox 244 977 379 1054; x_wconf 86' lang='lat' dir='ltr'>addit¹):</span> 
     </span>
    </p>

    <p class='ocr_par' dir='ltr' id='par_1_3' title="bbox 235 1063 1345 2701">
     <span class='ocr_line' id='line_1_6' title="bbox 329 1063 1345 1167; baseline 0.004 -19"><span class='ocrx_word' id='word_1_31' title='bbox 329 1063 420 1166; x_wconf 80' lang='lat' dir='ltr'>,Alia</span> <span class='ocrx_word' id='word_1_32' title='bbox 450 1103 570 1166; x_wconf 91' lang='lat' dir='ltr'>quoque</span> <span class='ocrx_word' id='word_1_33' title='bbox 601 1085 700 1166; x_wconf 90' lang='lat' dir='ltr'>puella</span> <span class='ocrx_word' id='word_1_34' title='bbox 732 1085 768 1148; x_wconf 88' lang='lat' dir='ltr'>ad</span> <span class='ocrx_word' id='word_1_35' title='bbox 808 1103 877 1149; x_wconf 90' lang='lat' dir='ltr'>eum</span> <span class='ocrx_word' id='word_1_36' title='bbox 910 1085 1038 1149; x_wconf 86' lang='lat' dir='ltr'>deducta</span> <span class='ocrx_word' id='word_1_37' title='bbox 1071 1097 1128 1167; x_wconf 91' lang='lat' dir='ltr'>est,</span> <span class='ocrx_word' id='word_1_38' title='bbox 1158 1087 1244 1151; x_wconf 92' lang='lat' dir='ltr'>cuius</span> <span class='ocrx_word' id='word_1_39' title='bbox 1267 1089 1345 1152; x_wconf 89' lang='lat' dir='ltr'>obs-</span> 
     </span>
     <span class='ocr_line' id='line_1_7' title="bbox 242 1198 1344 1279; baseline 0.002 -19"><span class='ocrx_word' id='word_1_40' title='bbox 242 1215 337 1261; x_wconf 89' lang='lat' dir='ltr'>coena</span> <span class='ocrx_word' id='word_1_41' title='bbox 368 1198 506 1279; x_wconf 90' lang='lat' dir='ltr'>corporis</span> <span class='ocrx_word' id='word_1_42' title='bbox 540 1198 581 1262; x_wconf 90' lang='lat' dir='ltr'>ita</span> <span class='ocrx_word' id='word_1_43' title='bbox 614 1215 654 1260; x_wconf 84' lang='lat' dir='ltr'>ex</span> <span class='ocrx_word' id='word_1_44' title='bbox 685 1198 767 1260; x_wconf 92' lang='lat' dir='ltr'>omni</span> <span class='ocrx_word' id='word_1_45' title='bbox 799 1206 884 1277; x_wconf 89' lang='lat' dir='ltr'>parte</span> <span class='ocrx_word' id='word_1_46' title='bbox 916 1206 1171 1278; x_wconf 77' lang='lat' dir='ltr'>computruerant,</span> <span class='ocrx_word' id='word_1_47' title='bbox 1201 1208 1234 1263; x_wconf 90' lang='lat' dir='ltr'>ut</span> <span class='ocrx_word' id='word_1_48' title='bbox 1263 1217 1344 1262; x_wconf 90' lang='lat' dir='ltr'>con-</span> 
     </span>
     <span class='ocr_line' id='line_1_8' title="bbox 241 1309 1342 1391; baseline -0.001 -18"><span class='ocrx_word' id='word_1_49' title='bbox 241 1309 366 1390; x_wconf 84' lang='lat' dir='ltr'>sumptis</span> <span class='ocrx_word' id='word_1_50' title='bbox 387 1309 528 1372; x_wconf 88' lang='lat' dir='ltr'>carnibus</span> <span class='ocrx_word' id='word_1_51' title='bbox 549 1309 694 1373; x_wconf 90' lang='lat' dir='ltr'>interiora</span> <span class='ocrx_word' id='word_1_52' title='bbox 716 1327 836 1391; x_wconf 87' lang='lat' dir='ltr'>quoquc</span> <span class='ocrx_word' id='word_1_53' title='bbox 857 1317 889 1372; x_wconf 90' lang='lat' dir='ltr'>et</span> <span class='ocrx_word' id='word_1_54' title='bbox 907 1310 1072 1372; x_wconf 80' lang='lat' dir='ltr'>secretiora</span> <span class='ocrx_word' id='word_1_55' title='bbox 1093 1317 1219 1374; x_wconf 90' lang='lat' dir='ltr'>naturae</span> <span class='ocrx_word' id='word_1_56' title='bbox 1240 1310 1342 1372; x_wconf 87' lang='lat' dir='ltr'>nuda-</span> 
     </span>
     <span class='ocr_line' id='line_1_9' title="bbox 240 1418 1344 1498; baseline -0.002 -14"><span class='ocrx_word' id='word_1_57' title='bbox 240 1429 357 1498; x_wconf 88' lang='lat' dir='ltr'>rentur,</span> <span class='ocrx_word' id='word_1_58' title='bbox 379 1437 415 1481; x_wconf 88' lang='lat' dir='ltr'>ac</span> <span class='ocrx_word' id='word_1_59' title='bbox 436 1418 585 1482; x_wconf 89' lang='lat' dir='ltr'>vermium</span> <span class='ocrx_word' id='word_1_60' title='bbox 606 1419 676 1482; x_wconf 91' lang='lat' dir='ltr'>inde</span> <span class='ocrx_word' id='word_1_61' title='bbox 698 1419 836 1484; x_wconf 83' lang='lat' dir='ltr'>ebulliret</span> <span class='ocrx_word' id='word_1_62' title='bbox 857 1419 1015 1482; x_wconf 90' lang='lat' dir='ltr'>innumera</span> <span class='ocrx_word' id='word_1_63' title='bbox 1036 1419 1204 1498; x_wconf 87' lang='lat' dir='ltr'>multitudo,</span> <span class='ocrx_word' id='word_1_64' title='bbox 1232 1419 1274 1482; x_wconf 86' lang='lat' dir='ltr'>ita</span> <span class='ocrx_word' id='word_1_65' title='bbox 1307 1427 1344 1482; x_wconf 85' lang='lat' dir='ltr'>ut</span> 
     </span>
     <span class='ocr_line' id='line_1_10' title="bbox 239 1530 1343 1612; baseline -0.003 -17"><span class='ocrx_word' id='word_1_66' title='bbox 239 1551 302 1595; x_wconf 91' lang='lat' dir='ltr'>non</span> <span class='ocrx_word' id='word_1_67' title='bbox 324 1531 482 1594; x_wconf 85' lang='lat' dir='ltr'>accederet</span> <span class='ocrx_word' id='word_1_68' title='bbox 503 1531 658 1611; x_wconf 89' lang='lat' dir='ltr'>quisquam</span> <span class='ocrx_word' id='word_1_69' title='bbox 679 1531 716 1593; x_wconf 94' lang='lat' dir='ltr'>ad</span> <span class='ocrx_word' id='word_1_70' title='bbox 744 1550 810 1593; x_wconf 89' lang='lat' dir='ltr'>eam</span> <span class='ocrx_word' id='word_1_71' title='bbox 830 1549 905 1612; x_wconf 91' lang='lat' dir='ltr'>prae</span> <span class='ocrx_word' id='word_1_72' title='bbox 926 1530 1052 1594; x_wconf 83' lang='lat' dir='ltr'>foetoris</span> <span class='ocrx_word' id='word_1_73' title='bbox 1073 1531 1212 1594; x_wconf 89' lang='lat' dir='ltr'>horrore.</span> <span class='ocrx_word' id='word_1_74' title='bbox 1257 1531 1343 1593; x_wconf 86' lang='lat' dir='ltr'>llaec</span> 
     </span>
     <span class='ocr_line' id='line_1_11' title="bbox 240 1639 1342 1722; baseline -0.001 -18"><span class='ocrx_word' id='word_1_75' title='bbox 240 1659 308 1704; x_wconf 91' lang='lat' dir='ltr'>cum</span> <span class='ocrx_word' id='word_1_76' title='bbox 330 1641 416 1704; x_wconf 88' lang='lat' dir='ltr'>allata</span> <span class='ocrx_word' id='word_1_77' title='bbox 445 1659 462 1703; x_wconf 92' lang='lat' dir='ltr'>a</span> <span class='ocrx_word' id='word_1_78' title='bbox 494 1641 666 1722; x_wconf 88' lang='lat' dir='ltr'>parentibus</span> <span class='ocrx_word' id='word_1_79' title='bbox 696 1650 726 1704; x_wconf 93' lang='lat' dir='ltr'>et</span> <span class='ocrx_word' id='word_1_80' title='bbox 756 1642 888 1721; x_wconf 91' lang='lat' dir='ltr'>proiecta</span> <span class='ocrx_word' id='word_1_81' title='bbox 917 1640 1023 1705; x_wconf 78' lang='lat' dir='ltr'>luisset</span> <span class='ocrx_word' id='word_1_82' title='bbox 1051 1649 1121 1704; x_wconf 89' lang='lat' dir='ltr'>ante</span> <span class='ocrx_word' id='word_1_83' title='bbox 1149 1640 1231 1704; x_wconf 84' lang='lat' dir='ltr'>iores</span> <span class='ocrx_word' id='word_1_84' title='bbox 1262 1639 1342 1720; x_wconf 89' lang='lat' dir='ltr'>eius,</span> 
     </span>
     <span class='ocr_line' id='line_1_12' title="bbox 239 1748 1342 1835; baseline 0 -21"><span class='ocrx_word' id='word_1_85' title='bbox 239 1753 384 1816; x_wconf 90' lang='lat' dir='ltr'>udserans</span> <span class='ocrx_word' id='word_1_86' title='bbox 411 1751 538 1835; x_wconf 81' lang='lat' dir='ltr'>virginis</span> <span class='ocrx_word' id='word_1_87' title='bbox 566 1751 733 1813; x_wconf 90' lang='lat' dir='ltr'>cruciatus:</span> <span class='ocrx_word' id='word_1_88' title='bbox 767 1748 876 1830; x_wconf 83' lang='lat' dir='ltr'>Aequo</span> <span class='ocrx_word' id='word_1_89' title='bbox 898 1751 996 1813; x_wconf 88' lang='lat' dir='ltr'>animo</span> <span class='ocrx_word' id='word_1_90' title='bbox 1018 1760 1094 1830; x_wconf 91' lang='lat' dir='ltr'>esto,</span> <span class='ocrx_word' id='word_1_91' title='bbox 1127 1751 1234 1831; x_wconf 90' lang='lat' dir='ltr'>inquit,</span> <span class='ocrx_word' id='word_1_92' title='bbox 1263 1751 1342 1827; x_wconf 81' lang='lat' dir='ltr'>iilia3</span> 
     </span>
     <span class='ocr_line' id='line_1_13' title="bbox 238 1861 1342 1940; baseline 0.002 -14"><span class='ocrx_word' id='word_1_93' title='bbox 238 1863 312 1926; x_wconf 87' lang='lat' dir='ltr'>haec</span> <span class='ocrx_word' id='word_1_94' title='bbox 333 1863 387 1926; x_wconf 89' lang='lat' dir='ltr'>tibi</span> <span class='ocrx_word' id='word_1_95' title='bbox 409 1861 445 1924; x_wconf 84' lang='lat' dir='ltr'>ud</span> <span class='ocrx_word' id='word_1_96' title='bbox 467 1861 593 1926; x_wconf 89' lang='lat' dir='ltr'>salutem</span> <span class='ocrx_word' id='word_1_97' title='bbox 615 1861 763 1940; x_wconf 89' lang='lat' dir='ltr'>dominus,</span> <span class='ocrx_word' id='word_1_98' title='bbox 792 1878 853 1922; x_wconf 93' lang='lat' dir='ltr'>non</span> <span class='ocrx_word' id='word_1_99' title='bbox 883 1861 919 1924; x_wconf 89' lang='lat' dir='ltr'>ad</span> <span class='ocrx_word' id='word_1_100' title='bbox 941 1862 1094 1924; x_wconf 90' lang='lat' dir='ltr'>interitum</span> <span class='ocrx_word' id='word_1_101' title='bbox 1116 1861 1208 1926; x_wconf 86' lang='lat' dir='ltr'>dedit.</span> <span class='ocrx_word' id='word_1_102' title='bbox 1254 1863 1342 1928; x_wconf 86' lang='lat' dir='ltr'>Unde</span> 
     </span>
     <span class='ocr_line' id='line_1_14' title="bbox 238 1972 1342 2055; baseline 0 -20"><span class='ocrx_word' id='word_1_103' title='bbox 238 1972 455 2055; x_wconf 90' lang='lat' dir='ltr'>providendum</span> <span class='ocrx_word' id='word_1_104' title='bbox 476 1981 524 2036; x_wconf 90' lang='lat' dir='ltr'>est</span> <span class='ocrx_word' id='word_1_105' title='bbox 545 1973 653 2054; x_wconf 86' lang='lat' dir='ltr'>magis,</span> <span class='ocrx_word' id='word_1_106' title='bbox 680 1980 714 2034; x_wconf 93' lang='lat' dir='ltr'>ut</span> <span class='ocrx_word' id='word_1_107' title='bbox 743 1972 854 2035; x_wconf 88' lang='lat' dir='ltr'>sanitas</span> <span class='ocrx_word' id='word_1_108' title='bbox 887 1981 938 2036; x_wconf 92' lang='lat' dir='ltr'>tua</span> <span class='ocrx_word' id='word_1_109' title='bbox 960 1973 1073 2036; x_wconf 90' lang='lat' dir='ltr'>nullum</span> <span class='ocrx_word' id='word_1_110' title='bbox 1095 1973 1149 2036; x_wconf 86' lang='lat' dir='ltr'>tibi</span> <span class='ocrx_word' id='word_1_111' title='bbox 1171 1972 1342 2053; x_wconf 91' lang='lat' dir='ltr'>periculum</span> 
     </span>
     <span class='ocr_line' id='line_1_15' title="bbox 237 2081 1342 2164; baseline 0 -16"><span class='ocrx_word' id='word_1_112' title='bbox 237 2085 356 2150; x_wconf 86' lang='lat' dir='ltr'>inierat.</span> <span class='ocrx_word' id='word_1_113' title='bbox 399 2085 438 2148; x_wconf 86' lang='lat' dir='ltr'>Et</span> <span class='ocrx_word' id='word_1_114' title='bbox 460 2102 528 2146; x_wconf 90' lang='lat' dir='ltr'>cum</span> <span class='ocrx_word' id='word_1_115' title='bbox 550 2087 684 2148; x_wconf 84' lang='lat' dir='ltr'>stetisset</span> <span class='ocrx_word' id='word_1_116' title='bbox 706 2083 737 2145; x_wconf 92' lang='lat' dir='ltr'>in</span> <span class='ocrx_word' id='word_1_117' title='bbox 759 2081 944 2147; x_wconf 92' lang='lat' dir='ltr'>orationibus</span> <span class='ocrx_word' id='word_1_118' title='bbox 966 2101 1021 2164; x_wconf 93' lang='lat' dir='ltr'>per</span> <span class='ocrx_word' id='word_1_119' title='bbox 1042 2093 1155 2164; x_wconf 89' lang='lat' dir='ltr'>septem</span> <span class='ocrx_word' id='word_1_120' title='bbox 1178 2085 1342 2148; x_wconf 90' lang='lat' dir='ltr'>continuos</span> 
     </span>
     <span class='ocr_line' id='line_1_16' title="bbox 238 2194 1341 2278; baseline 0 -20"><span class='ocrx_word' id='word_1_121' title='bbox 238 2195 312 2272; x_wconf 89' lang='lat' dir='ltr'>dies,</span> <span class='ocrx_word' id='word_1_122' title='bbox 334 2204 366 2259; x_wconf 87' lang='lat' dir='ltr'>et</span> <span class='ocrx_word' id='word_1_123' title='bbox 387 2195 485 2258; x_wconf 90' lang='lat' dir='ltr'>oleum</span> <span class='ocrx_word' id='word_1_124' title='bbox 507 2194 688 2256; x_wconf 87' lang='lat' dir='ltr'>benedicens</span> <span class='ocrx_word' id='word_1_125' title='bbox 710 2195 742 2256; x_wconf 93' lang='lat' dir='ltr'>in</span> <span class='ocrx_word' id='word_1_126' title='bbox 763 2195 883 2257; x_wconf 89' lang='lat' dir='ltr'>nomine</span> <span class='ocrx_word' id='word_1_127' title='bbox 898 2195 1010 2257; x_wconf 92' lang='lat' dir='ltr'>domini</span> <span class='ocrx_word' id='word_1_128' title='bbox 1032 2203 1218 2278; x_wconf 79' lang='lat' dir='ltr'>perungeret</span> <span class='ocrx_word' id='word_1_129' title='bbox 1240 2213 1341 2258; x_wconf 88' lang='lat' dir='ltr'>metn-</span> 
     </span>
     <span class='ocr_line' id='line_1_17' title="bbox 235 2303 1344 2385; baseline 0 -19"><span class='ocrx_word' id='word_1_130' title='bbox 235 2303 290 2366; x_wconf 87' lang='lat' dir='ltr'>bra</span> <span class='ocrx_word' id='word_1_131' title='bbox 312 2304 388 2384; x_wconf 90' lang='lat' dir='ltr'>eius,</span> <span class='ocrx_word' id='word_1_132' title='bbox 410 2306 450 2366; x_wconf 93' lang='lat' dir='ltr'>ita</span> <span class='ocrx_word' id='word_1_133' title='bbox 471 2322 536 2366; x_wconf 88' lang='lat' dir='ltr'>earn</span> <span class='ocrx_word' id='word_1_134' title='bbox 560 2323 661 2367; x_wconf 90' lang='lat' dir='ltr'>sanam</span> <span class='ocrx_word' id='word_1_135' title='bbox 682 2303 823 2383; x_wconf 87' lang='lat' dir='ltr'>reddidit,</span> <span class='ocrx_word' id='word_1_136' title='bbox 846 2314 880 2368; x_wconf 89' lang='lat' dir='ltr'>ut</span> <span class='ocrx_word' id='word_1_137' title='bbox 901 2313 933 2368; x_wconf 91' lang='lat' dir='ltr'>et</span> <span class='ocrx_word' id='word_1_138' title='bbox 953 2313 1092 2385; x_wconf 87' lang='lat' dir='ltr'>reparata</span> <span class='ocrx_word' id='word_1_139' title='bbox 1113 2315 1241 2370; x_wconf 88' lang='lat' dir='ltr'>naturae</span> <span class='ocrx_word' id='word_1_140' title='bbox 1261 2323 1344 2385; x_wconf 83' lang='lat' dir='ltr'>qua·-</span> 
     </span>
     <span class='ocr_line' id='line_1_18' title="bbox 235 2414 1343 2497; baseline 0 -19"><span class='ocrx_word' id='word_1_141' title='bbox 235 2415 303 2480; x_wconf 89' lang='lat' dir='ltr'>litas</span> <span class='ocrx_word' id='word_1_142' title='bbox 325 2425 357 2480; x_wconf 88' lang='lat' dir='ltr'>ot</span> <span class='ocrx_word' id='word_1_143' title='bbox 378 2414 510 2495; x_wconf 89' lang='lat' dir='ltr'>perlecta</span> <span class='ocrx_word' id='word_1_144' title='bbox 532 2415 685 2478; x_wconf 88' lang='lat' dir='ltr'>muliebris</span> <span class='ocrx_word' id='word_1_145' title='bbox 706 2417 738 2478; x_wconf 94' lang='lat' dir='ltr'>in</span> <span class='ocrx_word' id='word_1_146' title='bbox 761 2434 796 2478; x_wconf 90' lang='lat' dir='ltr'>ea</span> <span class='ocrx_word' id='word_1_147' title='bbox 818 2417 935 2496; x_wconf 89' lang='lat' dir='ltr'>species</span> <span class='ocrx_word' id='word_1_148' title='bbox 957 2425 1124 2497; x_wconf 89' lang='lat' dir='ltr'>appareret,</span> <span class='ocrx_word' id='word_1_149' title='bbox 1147 2424 1288 2495; x_wconf 85' lang='lat' dir='ltr'>essetque</span> <span class='ocrx_word' id='word_1_150' title='bbox 1312 2414 1343 2478; x_wconf 90' lang='lat' dir='ltr'>ei</span> 
     </span>
     <span class='ocr_line' id='line_1_19' title="bbox 236 2524 1342 2608; baseline -0.002 -19"><span class='ocrx_word' id='word_1_151' title='bbox 236 2527 275 2589; x_wconf 93' lang='lat' dir='ltr'>de</span> <span class='ocrx_word' id='word_1_152' title='bbox 296 2538 399 2593; x_wconf 92' lang='lat' dir='ltr'>cetero</span> <span class='ocrx_word' id='word_1_153' title='bbox 420 2528 499 2592; x_wconf 93' lang='lat' dir='ltr'>inter</span> <span class='ocrx_word' id='word_1_154' title='bbox 525 2527 661 2590; x_wconf 88' lang='lat' dir='ltr'>homines</span> <span class='ocrx_word' id='word_1_155' title='bbox 683 2526 874 2590; x_wconf 90' lang='lat' dir='ltr'>conversatio</span> <span class='ocrx_word' id='word_1_156' title='bbox 896 2527 1009 2607; x_wconf 90' lang='lat' dir='ltr'>absque</span> <span class='ocrx_word' id='word_1_157' title='bbox 1036 2526 1180 2608; x_wconf 89' lang='lat' dir='ltr'>pristinae</span> <span class='ocrx_word' id='word_1_158' title='bbox 1208 2524 1342 2590; x_wconf 89' lang='lat' dir='ltr'>infirmi-</span> 
     </span>
     <span class='ocr_line' id='line_1_20' title="bbox 237 2637 515 2701; baseline 0 -1"><span class='ocrx_word' id='word_1_159' title='bbox 237 2637 305 2701; x_wconf 89' lang='lat' dir='ltr'>tatis</span> <span class='ocrx_word' id='word_1_160' title='bbox 330 2638 515 2701; x_wconf 87' lang='lat' dir='ltr'>obstaculo.“</span> 
     </span>
    </p>

    <p class='ocr_par' dir='ltr' id='par_1_4' title="bbox 233 2748 1352 3579">
     <span class='ocr_line' id='line_1_21' title="bbox 321 2748 1339 2832; baseline 0.001 -21"><span class='ocrx_word' id='word_1_161' title='bbox 321 2749 402 2812; x_wconf 90' lang='lat' dir='ltr'>Haec</span> <span class='ocrx_word' id='word_1_162' title='bbox 424 2750 556 2813; x_wconf 80' lang='lat' dir='ltr'>narratio</span> <span class='ocrx_word' id='word_1_163' title='bbox 579 2749 667 2812; x_wconf 89' lang='lat' dir='ltr'>etiam</span> <span class='ocrx_word' id='word_1_164' title='bbox 688 2749 766 2812; x_wconf 90' lang='lat' dir='ltr'>libro</span> <span class='ocrx_word' id='word_1_165' title='bbox 788 2749 921 2813; x_wconf 89' lang='lat' dir='ltr'>secundo</span> <span class='ocrx_word' id='word_1_166' title='bbox 949 2748 1057 2812; x_wconf 88' lang='lat' dir='ltr'>iisdem</span> <span class='ocrx_word' id='word_1_167' title='bbox 1087 2749 1191 2812; x_wconf 90' lang='lat' dir='ltr'>verbis</span> <span class='ocrx_word' id='word_1_168' title='bbox 1212 2749 1339 2832; x_wconf 82' lang='lat' dir='ltr'>legitur,</span> 
     </span>
     <span class='ocr_line' id='line_1_22' title="bbox 236 2857 1352 2942; baseline 0.003 -24"><span class='ocrx_word' id='word_1_169' title='bbox 236 2875 334 2938; x_wconf 91' lang='lat' dir='ltr'>neque</span> <span class='ocrx_word' id='word_1_170' title='bbox 354 2878 429 2922; x_wconf 82' lang='lat' dir='ltr'>uero</span> <span class='ocrx_word' id='word_1_171' title='bbox 452 2879 517 2923; x_wconf 90' lang='lat' dir='ltr'>eam</span> <span class='ocrx_word' id='word_1_172' title='bbox 539 2859 609 2922; x_wconf 91' lang='lat' dir='ltr'>alibi</span> <span class='ocrx_word' id='word_1_173' title='bbox 639 2859 741 2940; x_wconf 90' lang='lat' dir='ltr'>reperi</span> <span class='ocrx_word' id='word_1_174' title='bbox 753 2857 797 2942; x_wconf 84' lang='lat'>²).</span> <span class='ocrx_word' id='word_1_175' title='bbox 841 2861 924 2934; x_wconf 87' lang='lat' dir='ltr'>Quae</span> <span class='ocrx_word' id='word_1_176' title='bbox 946 2860 1067 2940; x_wconf 90' lang='lat' dir='ltr'>antiqua</span> <span class='ocrx_word' id='word_1_177' title='bbox 1087 2860 1198 2922; x_wconf 70' lang='lat' dir='ltr'>&#39;versio</span> <span class='ocrx_word' id='word_1_178' title='bbox 1220 2859 1259 2921; x_wconf 91' lang='lat' dir='ltr'>dc</span> <span class='ocrx_word' id='word_1_179' title='bbox 1281 2876 1352 2921; x_wconf 91' lang='lat' dir='ltr'>re-.</span> 
     </span>
     <span class='ocr_line' id='line_1_23' title="bbox 234 2967 1340 3048; baseline 0 -16"><span class='ocrx_word' id='word_1_180' title='bbox 234 2969 427 3032; x_wconf 88' lang='lat' dir='ltr'>suscitatione</span> <span class='ocrx_word' id='word_1_181' title='bbox 448 2969 559 3031; x_wconf 94' lang='lat' dir='ltr'>mortui</span> <span class='ocrx_word' id='word_1_182' title='bbox 581 2968 681 3048; x_wconf 90' lang='lat' dir='ltr'>habet,</span> <span class='ocrx_word' id='word_1_183' title='bbox 703 2986 772 3030; x_wconf 92' lang='lat' dir='ltr'>cum</span> <span class='ocrx_word' id='word_1_184' title='bbox 793 2970 963 3032; x_wconf 88' lang='lat' dir='ltr'>narratione</span> <span class='ocrx_word' id='word_1_185' title='bbox 983 2968 1054 3032; x_wconf 90' lang='lat' dir='ltr'>libri</span> <span class='ocrx_word' id='word_1_186' title='bbox 1074 2967 1200 3032; x_wconf 92' lang='lat' dir='ltr'>secundi</span> <span class='ocrx_word' id='word_1_187' title='bbox 1221 2967 1340 3048; x_wconf 89' lang='lat' dir='ltr'>pariter</span> 
     </span>
     <span class='ocr_line' id='line_1_24' title="bbox 235 3077 1339 3161; baseline 0.002 -21"><span class='ocrx_word' id='word_1_188' title='bbox 235 3078 273 3140; x_wconf 91' lang='lat' dir='ltr'>ad</span> <span class='ocrx_word' id='word_1_189' title='bbox 307 3078 433 3140; x_wconf 88' lang='lat' dir='ltr'>verbum</span> <span class='ocrx_word' id='word_1_190' title='bbox 462 3079 652 3140; x_wconf 85' lang='lat' dir='ltr'>conueniunt.</span> <span class='ocrx_word' id='word_1_191' title='bbox 708 3077 742 3142; x_wconf 84' lang='lat' dir='ltr'>ln</span> <span class='ocrx_word' id='word_1_192' title='bbox 776 3078 835 3141; x_wconf 89' lang='lat' dir='ltr'>line</span> <span class='ocrx_word' id='word_1_193' title='bbox 871 3088 971 3142; x_wconf 90' lang='lat' dir='ltr'>autem</span> <span class='ocrx_word' id='word_1_194' title='bbox 999 3081 1104 3161; x_wconf 88' lang='lat' dir='ltr'>capitis</span> <span class='ocrx_word' id='word_1_195' title='bbox 1137 3080 1175 3142; x_wconf 93' lang='lat' dir='ltr'>de</span> <span class='ocrx_word' id='word_1_196' title='bbox 1202 3080 1339 3144; x_wconf 84' lang='lat' dir='ltr'>Macerio</span> 
     </span>
     <span class='ocr_line' id='line_1_25' title="bbox 233 3187 1339 3272; baseline 0.005 -22"><span class='ocrx_word' id='word_1_197' title='bbox 233 3187 396 3269; x_wconf 79' lang='lat' dir='ltr'>Aegyptio,</span> <span class='ocrx_word' id='word_1_198' title='bbox 431 3196 588 3268; x_wconf 86' lang='lat' dir='ltr'>postquam</span> <span class='ocrx_word' id='word_1_199' title='bbox 620 3189 732 3253; x_wconf 91' lang='lat' dir='ltr'>dictum</span> <span class='ocrx_word' id='word_1_200' title='bbox 764 3197 820 3270; x_wconf 93' lang='lat' dir='ltr'>est,</span> <span class='ocrx_word' id='word_1_201' title='bbox 859 3207 928 3252; x_wconf 90' lang='lat' dir='ltr'>eum</span> <span class='ocrx_word' id='word_1_202' title='bbox 961 3208 1039 3253; x_wconf 90' lang='lat' dir='ltr'>anno</span> <span class='ocrx_word' id='word_1_203' title='bbox 1076 3199 1235 3272; x_wconf 84' lang='lat' dir='ltr'>antequam</span> <span class='ocrx_word' id='word_1_204' title='bbox 1265 3190 1339 3254; x_wconf 84' lang='lat' dir='ltr'>Pal-</span> 
     </span>
     <span class='ocr_line' id='line_1_26' title="bbox 233 3295 1337 3382; baseline 0.007 -24"><span class='ocrx_word' id='word_1_205' title='bbox 233 3295 332 3360; x_wconf 93' lang='lat' dir='ltr'>ladius</span> <span class='ocrx_word' id='word_1_206' title='bbox 367 3297 558 3361; x_wconf 87' lang='lat' dir='ltr'>solitudinem</span> <span class='ocrx_word' id='word_1_207' title='bbox 596 3299 770 3379; x_wconf 82' lang='lat' dir='ltr'>intraverit,</span> <span class='ocrx_word' id='word_1_208' title='bbox 809 3301 938 3379; x_wconf 91' lang='lat' dir='ltr'>obiisse,</span> <span class='ocrx_word' id='word_1_209' title='bbox 975 3302 1095 3382; x_wconf 86' lang='lat' dir='ltr'>antiqua</span> <span class='ocrx_word' id='word_1_210' title='bbox 1133 3302 1192 3366; x_wconf 93' lang='lat' dir='ltr'>ista</span> <span class='ocrx_word' id='word_1_211' title='bbox 1230 3303 1337 3366; x_wconf 89' lang='lat' dir='ltr'>versio</span> 
     </span>
     <span class='ocr_line' id='line_1_27' title="bbox 234 3406 1337 3495; baseline 0.01 -27"><span class='ocrx_word' id='word_1_212' title='bbox 234 3406 355 3488; x_wconf 82' lang='lat' dir='ltr'>longam</span> <span class='ocrx_word' id='word_1_213' title='bbox 377 3407 453 3470; x_wconf 86' lang='lat' dir='ltr'>hano</span> <span class='ocrx_word' id='word_1_214' title='bbox 473 3408 626 3473; x_wconf 88' lang='lat' dir='ltr'>historiam</span> <span class='ocrx_word' id='word_1_215' title='bbox 648 3409 729 3474; x_wconf 89' lang='lat' dir='ltr'>addit</span> <span class='ocrx_word' id='word_1_216' title='bbox 740 3412 776 3490; x_wconf 78' lang='lat'>³),</span> <span class='ocrx_word' id='word_1_217' title='bbox 799 3428 885 3491; x_wconf 89' lang='lat' dir='ltr'>quam</span> <span class='ocrx_word' id='word_1_218' title='bbox 908 3411 949 3472; x_wconf 90' lang='lat' dir='ltr'>ita</span> <span class='ocrx_word' id='word_1_219' title='bbox 971 3411 1175 3477; x_wconf 85' lang='lat' dir='ltr'>adumbratam</span> <span class='ocrx_word' id='word_1_220' title='bbox 1196 3416 1337 3495; x_wconf 91' lang='lat' dir='ltr'>nuspiam</span> 
     </span>
     <span class='ocr_line' id='line_1_28' title="bbox 233 3516 370 3579; baseline 0.007 -1"><span class='ocrx_word' id='word_1_221' title='bbox 233 3516 370 3579; x_wconf 86' lang='lat' dir='ltr'>invenio:</span> 
     </span>
    </p>

    <p class='ocr_par' dir='ltr' id='par_1_5' title="bbox 231 3627 1416 4049">
     <span class='ocr_line' id='line_1_29' title="bbox 320 3627 1336 3716; baseline 0.01 -27"><span class='ocrx_word' id='word_1_222' title='bbox 320 3627 474 3707; x_wconf 87' lang='lat' dir='ltr'>„Quodam</span> <span class='ocrx_word' id='word_1_223' title='bbox 511 3637 646 3711; x_wconf 86' lang='lat' dir='ltr'>tempore</span> <span class='ocrx_word' id='word_1_224' title='bbox 682 3650 749 3694; x_wconf 91' lang='lat' dir='ltr'>cum</span> <span class='ocrx_word' id='word_1_225' title='bbox 785 3633 822 3694; x_wconf 85' lang='lat' dir='ltr'>ad</span> <span class='ocrx_word' id='word_1_226' title='bbox 856 3633 976 3697; x_wconf 89' lang='lat' dir='ltr'>beatum</span> <span class='ocrx_word' id='word_1_227' title='bbox 1012 3632 1178 3697; x_wconf 86' lang='lat' dir='ltr'>llacarium</span> <span class='ocrx_word' id='word_1_228' title='bbox 1211 3635 1336 3716; x_wconf 86' lang='lat' dir='ltr'>qtuidaru</span> 
     </span>
     <span class='ocr_line' id='line_1_30' title="bbox 232 3739 1416 3828; baseline 0.011 -29"><span class='ocrx_word' id='word_1_229' title='bbox 232 3739 376 3817; x_wconf 85' lang='lat' dir='ltr'>uenisset,</span> <span class='ocrx_word' id='word_1_230' title='bbox 399 3740 571 3804; x_wconf 88' lang='lat' dir='ltr'>desiderans</span> <span class='ocrx_word' id='word_1_231' title='bbox 593 3745 624 3805; x_wconf 91' lang='lat' dir='ltr'>in</span> <span class='ocrx_word' id='word_1_232' title='bbox 646 3745 799 3824; x_wconf 90' lang='lat' dir='ltr'>proposito</span> <span class='ocrx_word' id='word_1_233' title='bbox 822 3745 1036 3810; x_wconf 91' lang='lat' dir='ltr'>monachorum</span> <span class='ocrx_word' id='word_1_234' title='bbox 1059 3747 1180 3809; x_wconf 91' lang='lat' dir='ltr'>servire</span> <span class='ocrx_word' id='word_1_235' title='bbox 1202 3745 1337 3828; x_wconf 83' lang='lat' dir='ltr'>Christo,</span> <span class='ocrx_word' id='word_1_236' title='bbox 1413 3767 1416 3770; x_wconf 87' lang='lat'>·</span> 
     </span>
     <span class='ocr_line' id='line_1_31' title="bbox 232 3847 1337 3932; baseline 0.011 -23"><span class='ocrx_word' id='word_1_237' title='bbox 232 3855 264 3910; x_wconf 93' lang='lat' dir='ltr'>et</span> <span class='ocrx_word' id='word_1_238' title='bbox 292 3847 505 3928; x_wconf 89' lang='lat' dir='ltr'>deprecaretur</span> <span class='ocrx_word' id='word_1_239' title='bbox 535 3861 669 3916; x_wconf 90' lang='lat' dir='ltr'>sanctum</span> <span class='ocrx_word' id='word_1_240' title='bbox 702 3871 816 3932; x_wconf 90' lang='lat' dir='ltr'>senem,</span> <span class='ocrx_word' id='word_1_241' title='bbox 845 3862 879 3918; x_wconf 91' lang='lat' dir='ltr'>ut</span> <span class='ocrx_word' id='word_1_242' title='bbox 908 3855 1076 3920; x_wconf 86' lang='lat' dir='ltr'>instrueret</span> <span class='ocrx_word' id='word_1_243' title='bbox 1105 3874 1176 3920; x_wconf 89' lang='lat' dir='ltr'>eum</span> <span class='ocrx_word' id='word_1_244' title='bbox 1204 3875 1242 3920; x_wconf 90' lang='lat' dir='ltr'>ac</span> <span class='ocrx_word' id='word_1_245' title='bbox 1274 3858 1337 3921; x_wconf 89' lang='lat' dir='ltr'>do-</span> 
     </span>
     <span class='ocr_line' id='line_1_32' title="bbox 231 3959 1335 4049; baseline 0.013 -31"><span class='ocrx_word' id='word_1_246' title='bbox 231 3966 326 4036; x_wconf 91' lang='lat' dir='ltr'>ceret,</span> <span class='ocrx_word' id='word_1_247' title='bbox 354 3967 384 4022; x_wconf 92' lang='lat' dir='ltr'>et</span> <span class='ocrx_word' id='word_1_248' title='bbox 413 3977 452 4022; x_wconf 88' lang='lat' dir='ltr'>ex</span> <span class='ocrx_word' id='word_1_249' title='bbox 481 3959 564 4024; x_wconf 88' lang='lat' dir='ltr'>lonte</span> <span class='ocrx_word' id='word_1_250' title='bbox 586 3962 740 4024; x_wconf 92' lang='lat' dir='ltr'>doctrinae</span> <span class='ocrx_word' id='word_1_251' title='bbox 768 3963 917 4046; x_wconf 89' lang='lat' dir='ltr'>salutaris,</span> <span class='ocrx_word' id='word_1_252' title='bbox 949 3967 1084 4046; x_wconf 89' lang='lat' dir='ltr'>quaein</span> <span class='ocrx_word' id='word_1_253' title='bbox 1119 3984 1158 4030; x_wconf 92' lang='lat' dir='ltr'>eo</span> <span class='ocrx_word' id='word_1_254' title='bbox 1187 3985 1244 4049; x_wconf 91' lang='lat' dir='ltr'>per</span> <span class='ocrx_word' id='word_1_255' title='bbox 1266 3969 1335 4049; x_wconf 89' lang='lat' dir='ltr'>spi-</span> 
     </span>
    </p>
   </div>
   <div class='ocr_carea' id='block_1_3' title="bbox 221 4084 448 4098">
    <p class='ocr_par' dir='ltr' id='par_1_6' title="bbox 221 4084 448 4098">
     <span class='ocr_line' id='line_1_33' title="bbox 221 4084 448 4098; baseline 0.009 -2"><span class='ocrx_word' id='word_1_256' title='bbox 221 4084 448 4098; x_wconf 50' lang='lat' dir='ltr'>m</span> 
     </span>
    </p>
   </div>
   <div class='ocr_carea' id='block_1_4' title="bbox 257 4142 1334 4300">
    <p class='ocr_par' dir='ltr' id='par_1_7' title="bbox 257 4142 1334 4300">
     <span class='ocr_line' id='line_1_34' title="bbox 260 4142 725 4210; baseline 0.015 -18"><span class='ocrx_word' id='word_1_257' title='bbox 260 4142 288 4208; x_wconf 88' lang='lat'>1)</span> <span class='ocrx_word' id='word_1_258' title='bbox 308 4143 362 4198; x_wconf 85' lang='lat' dir='ltr'>vv.</span> <span class='ocrx_word' id='word_1_259' title='bbox 382 4143 431 4198; x_wconf 85' lang='lat' dir='ltr'>Pl&#39;.</span> <span class='ocrx_word' id='word_1_260' title='bbox 451 4145 541 4198; x_wconf 82' lang='lat' dir='ltr'>liosw.</span> <span class='ocrx_word' id='word_1_261' title='bbox 564 4159 589 4210; x_wconf 91' lang='lat' dir='ltr'>p.</span> <span class='ocrx_word' id='word_1_262' title='bbox 612 4142 677 4206; x_wconf 87' lang='grc'><strong>989,</strong></span> <span class='ocrx_word' id='word_1_263' title='bbox 699 4148 725 4200; x_wconf 73' lang='grc'>9.</span> 
     </span>
     <span class='ocr_line' id='line_1_35' title="bbox 257 4225 1334 4300; baseline 0.018 -20"><span class='ocrx_word' id='word_1_264' title='bbox 257 4225 285 4295; x_wconf 81' lang='lat'>2)</span> <span class='ocrx_word' id='word_1_265' title='bbox 305 4231 441 4297; x_wconf 81' lang='lat' dir='ltr'>Virginem</span> <span class='ocrx_word' id='word_1_266' title='bbox 461 4231 537 4282; x_wconf 86' lang='lat' dir='ltr'>simili</span> <span class='ocrx_word' id='word_1_267' title='bbox 557 4230 646 4282; x_wconf 89' lang='lat' dir='ltr'>morbo</span> <span class='ocrx_word' id='word_1_268' title='bbox 667 4230 824 4285; x_wconf 81' lang='lat' dir='ltr'>laborantem</span> <span class='ocrx_word' id='word_1_269' title='bbox 844 4239 944 4289; x_wconf 89' lang='lat' dir='ltr'>sanavit</span> <span class='ocrx_word' id='word_1_270' title='bbox 964 4238 990 4295; x_wconf 87' lang='lat' dir='ltr'>S.</span> <span class='ocrx_word' id='word_1_271' title='bbox 1002 4237 1142 4295; x_wconf 74' lang='lat' dir='ltr'>Antonine.</span> <span class='ocrx_word' id='word_1_272' title='bbox 1165 4241 1217 4296; x_wconf 86' lang='lat' dir='ltr'>vit.</span> <span class='ocrx_word' id='word_1_273' title='bbox 1230 4241 1258 4300; x_wconf 87' lang='lat' dir='ltr'>S.</span> <span class='ocrx_word' id='word_1_274' title='bbox 1272 4242 1334 4298; x_wconf 85' lang='lat' dir='ltr'>Aut.</span> 
     </span>
    </p>
   </div>
   <div class='ocr_carea' id='block_1_5' title="bbox 255 4317 921 4472">
    <p class='ocr_par' dir='ltr' id='par_1_8' title="bbox 255 4317 921 4472">
     <span class='ocr_line' id='line_1_36' title="bbox 306 4317 921 4394; baseline 0.011 -28"><span class='ocrx_word' id='word_1_275' title='bbox 306 4331 364 4382; x_wconf 86' lang='lat' dir='ltr'>cap.</span> <span class='ocrx_word' id='word_1_276' title='bbox 386 4319 422 4369; x_wconf 83' lang='lat'>58</span> <span class='ocrx_word' id='word_1_277' title='bbox 442 4320 468 4368; x_wconf 93' lang='lat' dir='ltr'>in</span> <span class='ocrx_word' id='word_1_278' title='bbox 491 4317 558 4384; x_wconf 88' lang='lat' dir='ltr'>Opp.</span> <span class='ocrx_word' id='word_1_279' title='bbox 582 4319 607 4374; x_wconf 87' lang='lat' dir='ltr'>S.</span> <span class='ocrx_word' id='word_1_280' title='bbox 628 4318 720 4372; x_wconf 78' lang='lat' dir='ltr'>Athen.</span> <span class='ocrx_word' id='word_1_281' title='bbox 742 4337 767 4388; x_wconf 88' lang='lat' dir='ltr'>p.</span> <span class='ocrx_word' id='word_1_282' title='bbox 789 4323 844 4378; x_wconf 85' lang='grc'>670</span> <span class='ocrx_word' id='word_1_283' title='bbox 864 4343 921 4394; x_wconf 78' lang='lat' dir='ltr'>sqq.</span> 
     </span>
     <span class='ocr_line' id='line_1_37' title="bbox 255 4403 722 4472; baseline 0.015 -16"><span class='ocrx_word' id='word_1_284' title='bbox 255 4405 286 4471; x_wconf 88' lang='grc'>3)</span> <span class='ocrx_word' id='word_1_285' title='bbox 307 4405 360 4456; x_wconf 85' lang='lat' dir='ltr'>VV.</span> <span class='ocrx_word' id='word_1_286' title='bbox 383 4403 432 4455; x_wconf 83' lang='lat' dir='ltr'>PP.</span> <span class='ocrx_word' id='word_1_287' title='bbox 453 4405 541 4460; x_wconf 86' lang='lat' dir='ltr'>llosw.</span> <span class='ocrx_word' id='word_1_288' title='bbox 561 4421 587 4472; x_wconf 90' lang='lat' dir='ltr'>p.</span> <span class='ocrx_word' id='word_1_289' title='bbox 610 4405 676 4470; x_wconf 84' lang='lat'>990,</span> <span class='ocrx_word' id='word_1_290' title='bbox 698 4410 722 4464; x_wconf 82' lang='lat'>2.</span> 
     </span>
    </p>
   </div>
   <div class='ocr_carea' id='block_1_6' title="bbox 0 0 1500 4986">
    <p class='ocr_par' dir='ltr' id='par_1_9' title="bbox 0 0 1500 4986">
     <span class='ocr_line' id='line_1_38' title="bbox 0 0 1500 4986; baseline 0 4"><span class='ocrx_word' id='word_1_291' title='bbox 0 0 1500 4986; x_wconf 95' lang='lat' dir='ltr'> </span> 
     </span>
    </p>
   </div>
  </div>
 </body>
</html>
