2990 4986
573 396 818 472 ..41-

147 601 172 664 si
194 607 383 680 operaretur.
427 599 471 662 lta
498 605 529 660 et
561 597 641 658 hunc
674 597 786 660 virtute
816 597 933 660 divinae
966 597 1081 678 gratiae
1111 607 1248 662 sanatum

146 711 234 772 matri
255 710 395 772 reddidit.
440 709 521 770 Talia
544 707 624 770 Deus
648 709 793 787 stupenda
818 708 959 770 miracula
980 708 1051 770 fecit
1080 727 1135 788 per
1167 709 1247 772 ‹tito-

148 831 229 885 ctum
251 840 339 884 suurn
361 821 532 896 bacarium,
563 820 647 882 cuius
676 820 852 882 immortalis
880 821 975 881 anima
997 838 1077 882 nuno
1104 828 1152 882 est
1178 839 1247 882 cum

148 933 274 1014 augelis.
306 933 372 1012 Ego
395 940 529 994 sanctum
551 931 616 1009 ipse
637 947 699 992 non
715 931 856 1004 conveni;
880 948 957 992 anno
979 931 1069 1008 enim,
1091 939 1247 1010 antequam

148 1043 179 1106 in
202 1042 394 1104 solitudinem
416 1039 616 1121 ingrediebar,
640 1040 774 1102 obierat“
795 1037 837 1120 ¹).

236 1151 268 1230 g.
296 1149 344 1213 13.
388 1151 478 1212 Hisce
500 1167 545 1228 ea,
567 1167 643 1229 quae
665 1149 796 1212 Historia
818 1149 962 1212 Lausiaca
983 1149 1120 1212 codicum
1131 1149 1249 1212 Vindo-

146 1261 323 1326 bonensium
346 1261 383 1323 de
404 1261 534 1330 Macerio
556 1259 708 1341 Aegyptio
731 1259 832 1336 habet,
856 1260 1058 1324 eontinentur.
1094 1259 1119 1322 E
1141 1259 1249 1338 quibus

148 1372 267 1452 singula
300 1372 324 1432 si
359 1371 533 1447 contuleris,
569 1387 749 1450 cognosces,
771 1375 888 1431 textum
901 1369 1025 1432 bicursii
1047 1369 1078 1432 in
1099 1369 1158 1430 boo
1177 1370 1251 1450 qui·-

146 1483 216 1544 dem
245 1482 340 1561 capite
369 1483 461 1546 rebus
495 1483 547 1544 vix
576 1481 708 1557 differre,
743 1481 796 1542 sed
826 1481 1088 1560 depravationibus
1118 1489 1249 1542 scatere.

146 1593 195 1656 Ad
224 1611 259 1654 ea
287 1601 397 1670 autern,
426 1611 502 1672 quae
525 1592 833 1669 commemoravimus,
863 1590 1030 1652 adnotanda
1052 1591 1139 1652 nobis
1174 1593 1249 1654 haee

145 1719 217 1765 esse
239 1701 388 1768 videntur.

231 1813 359 1875 Primum
382 1813 501 1893 quidem
524 1831 542 1875 e
563 1813 674 1890 verbis,
697 1813 805 1893 quibus
821 1811 897 1874 duos
916 1811 1078 1892 discipulos
1099 1829 1159 1876 una
1182 1828 1249 1872 cum

145 1923 277 1986 biaoario
306 1925 338 1984 in
359 1924 448 1987 stete
476 1923 626 1986 habitasse
654 1923 793 2006 legimus,
830 1942 923 1986 unum
951 1925 983 1986 in
1013 1923 1088 1986 oolla
1117 1923 1250 2000 biaoarii,

148 2032 278 2094 aiterum
300 2033 330 2094 in
353 2033 476 2112 proprie
498 2033 588 2112 ceila,
611 2051 699 2096 uerno
722 2033 892 2111 concludet,
924 2033 998 2096 aiios
1021 2034 1171 2098 solitarios
1192 2050 1252 2094 una

146 2161 218 2206 curn
231 2143 361 2206 Macerio
383 2143 455 2206 inibi
476 2143 673 2207 convixisse.
718 2143 814 2207 Senes
836 2145 915 2207 enim
931 2144 1107 2207 abstinentia
1129 2153 1160 2206 et
1182 2145 1250 2205 vir·
1331 2221 1333 2224 y

144 2254 261 2318 tutibus
282 2255 417 2336 insignes
440 2253 546 2333 procul
568 2255 749 2334 aliquantum
768 2273 785 2317 a
804 2255 1004 2333 monasteriis,
1026 2255 1135 2334 quibus
1157 2273 1251 2334 prae-

144 2375 249 2444 erant,
282 2365 338 2428 sibi
367 2365 471 2426 celiam
501 2365 660 2428 instituere
692 2365 798 2428 solitos
828 2382 897 2429 esse
927 2382 1018 2444 supra
1040 2364 1196 2426 docuimus
1206 2361 1249 2448 ²).

141 2476 188 2540 lta
209 2477 358 2540 Antonius
390 2477 502 2558 legitur
535 2477 611 2538 duos
647 2477 761 2554 pariter
791 2476 829 2538 ad
859 2485 985 2538 mortem
1017 2493 1114 2554 usque
1146 2491 1250 2536 secum

142 2585 307 2665 discipulos
329 2589 480 2664 habuisse,
515 2587 624 2648 ceteris
648 2587 811 2665 monachis,
845 2582 897 2665 qui
916 2586 982 2647 sub
1005 2585 1070 2648 eius
1094 2584 1252 2664 disciplina
1315 2587 1317 2590 ’

144 2695 306 2774 vivebant,
336 2697 367 2758 iu
394 2695 545 2758 vicinitate
567 2695 754 2775 degentibus.
769 2697 794 2770 ³)
839 2695 995 2756 Solitarios
1025 2712 1100 2758 vero
1129 2703 1250 2774 praeter

143 2805 226 2868 duos
252 2805 319 2866 dios
342 2823 410 2866 cum
436 2805 568 2868 biccario
596 2806 627 2867 in
656 2804 745 2866 Scete
776 2804 934 2882 habitasse,
969 2804 1026 2866 iem
1058 2804 1128 2866 iude
1160 2813 1250 2884 patet,

144 2914 230 2996 quod
251 2914 399 2976 Macarius
421 2915 581 2995 presbyter
603 2915 699 2977 Scetis
721 2913 788 2974 fuit.

233 3023 384 3101 Neurode,
407 3042 484 3102 quae
501 3025 646 3104 sequitur,
669 3024 706 3086 de
723 3023 833 3086 fernina
855 3025 886 3085 in
910 3042 1017 3104 equam
1036 3033 1146 3087 mutata
1160 3023 1249 3085 etiam

144 3135 179 3196 in
201 3135 279 3198 libro
313 3135 497 3215 secundo‘),
532 3135 585 3199 sed
615 3137 750 3216 nuspiam
783 3136 852 3198 alibi
881 3136 1042 3198 invenitur.
1088 3135 1151 3196 Neo
1180 3133 1250 3196 libri
1299 3115 1303 3120 ⁵

144 3245 273 3309 secundi
305 3246 437 3308 narratio
468 3254 528 3308 mm
560 3243 646 3326 large
679 3247 798 3308 exculta
831 3256 889 3324 est,
924 3254 1013 3326 atque
1045 3245 1095 3308 iiia
1117 3246 1250 3324 Palladii,

143 3375 247 3436 neque
268 3357 375 3418 mulier
396 3366 455 3436 est,
476 3357 530 3418 sed
552 3357 654 3438 virgo,
683 3357 741 3422 sdia
763 3359 856 3437 patris
879 3357 1002 3420 familias
1024 3357 1117 3420 vicini
1139 3356 1251 3438 oppidi,
1313 3435 1317 3439 .,

103 3455 108 3464 ’
143 3485 236 3546 quae,
258 3476 292 3530 ut
314 3467 415 3528 verbis
437 3466 508 3546 ipsis
530 3463 663 3545 utamur,
687 3487 759 3547 „per
774 3468 942 3547 phantasias
960 3469 1092 3549 magicas
1114 3467 1153 3529 ita
1172 3485 1249 3530 eon-

144 3595 238 3640 versa
260 3595 330 3641 esse
346 3578 504 3641 videbatur
520 3578 689 3641 hominibus
712 3581 742 3641 in
765 3581 906 3660 equinum
929 3579 1045 3657 animal,
1069 3587 1102 3642 ut
1124 3585 1249 3657 putare-

146 3697 199 3751 tur
222 3707 299 3769 equa
320 3705 400 3769 esse,
423 3707 482 3751 non
506 3689 612 3768 puella.
658 3690 741 3752 Hanc
764 3689 953 3781 adduxerunt
975 3690 1011 3752 ad
1034 3708 1102 3752 eum
1125 3687 1250 3772 (diaca-

146 3841 377 3852 ...μα-.-

177 3918 208 3977 tt
226 3913 320 3964 Tentus
341 3927 450 3980 graecus
471 3911 566 3980 iegitur
586 3913 652 3964 inira
672 3915 698 3964 in
718 3913 878 3980 Appendice.

176 4005 207 4070 2)
228 4001 268 4052 Gi.
290 4017 367 4068 supra
388 4017 413 4067 p.
434 3999 460 4056 4.
791 4067 794 4074 ,

135 4153 139 4160 Ι
174 4091 204 4153 3)
226 4093 287 4141 Vita
315 4092 339 4142 S.
362 4091 467 4142 Antonii
503 4089 569 4157 Opp.
595 4091 718 4143 Athenas.
750 4091 778 4147 T.
811 4090 871 4148 lP.
892 4089 918 4140 il
940 4107 964 4156 p.
986 4090 1041 4142 689
1063 4104 1119 4154 sqq.
1160 4087 1249 4142 Rosw.

227 4181 287 4234 VV.
307 4182 358 4230 1²1³.
380 4195 405 4245 p.
429 4179 464 4231 59
481 4195 542 4246 sqq.
584 4179 649 4235 Hiet,
670 4181 747 4232 Laus.
777 4179 818 4234 ed.
841 4180 935 4234 bieurs.
970 4193 1027 4242 oap.
1052 4176 1097 4231 26.
1131 4177 1157 4226 in
1180 4173 1247 4242 Opp.

227 4267 321 4322 bieurs.
342 4267 359 4322 1,
381 4267 397 4322 Ι.
419 4283 442 4332 ρ.
466 4263 533 4322 419.

179 4356 208 4420 4)
231 4355 284 4410 VV.
305 4355 353 4410 PP.
373 4355 461 4411 Rosvv.
483 4356 528 4410 lib.
550 4357 575 4408 ΙΙ
596 4371 651 4421 cap.
675 4356 711 4409 28
733 4371 758 4420 p.
780 4351 844 4418 480,
870 4357 892 4408 t.
