2974 4964
609 340 854 414 ..37¹-

118 567 121 570 ·
182 555 290 627 ungue
312 543 392 610 vitoe
414 540 608 606 monachicae
630 541 718 606 leude
737 499 895 620 duruisse}
918 546 1030 608 etenim
1041 546 1218 614 Peehomius
1237 550 1286 613 cie

185 651 330 736 „Meritis
359 654 467 735 inquit,
496 649 611 714 actum
637 650 735 714 amris
768 653 850 734 cupii
870 655 1037 738 tesidere,
1068 675 1162 738 quum
1191 659 1230 722 de
1256 668 1287 724 te

182 767 336 830 audirom“
353 763 395 848 ι).
448 765 549 840 Quare
578 772 647 844 pest
675 781 787 826 cunum
816 763 880 828 335
907 765 1086 848 baptizatum
1114 785 1184 836 esse
1218 786 1287 832 cum

181 895 277 961 segre
298 875 480 940 credideris,

268 987 424 1050 Fabricius
433 983 477 1070 ²),
491 985 607 1048 Caseus
618 981 662 1068 ³),
684 984 877 1069 (ludimus‘),
900 986 938 1049 de
951 986 1113 1072 Nesseis),
1134 989 1288 1074 Pritius⁶]

183 1097 290 1160 nescio
311 1098 421 1177 quibus
441 1095 508 1160 fulti
529 1095 852 1174 rationibustredunt,
874 1096 1038 1160 Macerium
1052 1097 1289 1164 Alexandrinum

183 1206 351 1290 11110404
383 1225 401 1269 e
429 1207 490 1271 vite
517 1204 697 1268 decessisse.
741 1203 802 1268 Sed
830 1205 883 1268 vis
913 1205 1037 1268 dubium
1067 1217 1125 1288 est,
1158 1210 1229 1289 quin
1258 1211 1290 1272 in

185 1339 254 1383 cum
266 1336 402 1382 errorem
417 1316 485 1380 ideo
508 1316 624 1379 inducti
645 1317 716 1395 sint,
739 1316 872 1409 quodid
887 1323 973 1382 textu
985 1335 1098 1398 graeco
1108 1319 1234 1384 Meursii
1247 1317 1288 1403 7),

183 1431 215 1492 in
237 1429 378 1498 versione
400 1427 526 1490 Horveti
539 1423 573 1510 ⁸)
596 1433 687 1506 etque
715 1427 746 1488 iu
768 1423 955 1510 Perediso⁹J
978 1427 1100 1510 legitur,
1127 1429 1289 1492 Maeotium

182 1539 422 1604 Alexandrinum
443 1537 575 1602 Macerio
596 1535 751 1620 Aegyptio
771 1537 921 1600 iuniorem
943 1536 1048 1603 fuisse.
1093 1535 1129 1600 td
1159 1557 1234 1602 vero
1264 1540 1289 1602 si

182 1651 298 1732 fuisset,
320 1668 390 1714 eum
412 1657 481 1730 post
501 1665 612 1710 annum
635 1646 700 1710 300
722 1655 835 1728 notum,
868 1657 937 1730 post
969 1667 1078 1712 cunum
1101 1646 1167 1712 340
1188 1647 1289 1727 bapti-

182 1769 282 1824 zatum
304 1777 384 1838 esse,
406 1766 437 1821 et
459 1767 660 1838 outedsnnum
682 1756 746 1820 348
769 1765 879 1822 tautum
901 1759 1021 1824 virtutis
1050 1757 1156 1822 fumum
1177 1755 1289 1821 moltis

182 1867 298 1932 abhinc
326 1867 421 1930 anais
443 1869 584 1932 habuisse
607 1885 735 1933 necesse
757 1877 849 1947 esset,
877 1869 958 1950 quod
987 1888 1005 1932 e
1031 1869 1290 1936 verisimilitudine

184 1981 273 2062 piane
295 1979 449 2042 obhorret.
495 1977 570 2041 tttud
592 1997 679 2058 vero,
701 1978 864 2042 Macerium
885 1979 1124 2044 Alexandrinum
1138 1980 1290 2065 Aegyptio

184 2092 333 2154 iuniorem
355 2089 460 2166 fuisse,
482 2071 582 2169 ireque
603 2089 634 2152 in
650 2090 803 2154 codicibus
822 2090 1114 2171 vindobonensibus,
1137 2109 1238 2172 neque
1259 2093 1290 2157 in

184 2203 304 2280 antiquo
336 2200 479 2264 versione
501 2199 637 2264 habetur.
683 2201 890 2265 Tillemontius
918 2201 1083 2264 MacerIum
1103 2181 1291 2267 Alexandri·

182 2331 255 2376 num
277 2321 376 2376 aetate
397 2311 491 2376 fuisse
513 2311 660 2392 minorem
682 2311 752 2382 ideo
775 2313 899 2394 putavit,
929 2313 1010 2394 quod
1031 2313 1199 2392 scriptores
1221 2329 1291 2377 eum

182 2441 303 2504 semper
326 2422 569 2504 postMecarium
583 2422 769 2505 Aegyptium
792 2423 1096 2486 commemoraverint
1107 2418 1164 2505 ¹⁰).
1194 2421 1291 2493 ,Rom
1407 2475 1409 2480 .

182 2533 370 2598 Sozomenus
392 2533 533 2612 explicet,
558 2533 622 2612 qui,
643 2541 802 2615 postquem
824 2534 863 2596 de
884 2531 1016 2594 Macerio
1044 2529 1197 2614 Aegyptio
1228 2529 1292 2595 dis-

183 2644 314 2726 putavit:
347 2641 529 2721 „Macarius
556 2641 662 2720 iuquit,
691 2641 915 2705 Alexandrinus
937 2641 1036 2704 serius
1058 2639 1180 2722 quidem
1202 2654 1292 2718 pres-

184 2753 275 2836 byter
295 2750 394 2818 fuctus
422 2752 487 2816 est“
504 2747 560 2840 ¹¹).
604 2750 705 2834 Atque
733 2752 822 2820 etiem
837 2750 1013 2835 ,verisimile
1041 2759 1099 2834 est,
1127 2749 1290 2814 MacurIum

214 2988 243 3051 1)
265 2983 305 3042 CI.
325 3001 404 3054 supra
420 3001 451 3054 p.
473 2985 518 3041 71.

212 3075 242 3142 2)
260 3075 329 3130 Bibl.
351 3074 441 3128 Graec.
463 3073 505 3126 ed.
528 3071 642 3126 Murices.
664 3072 693 3130 t.
715 3076 779 3128 VIII
799 3090 825 3143 p.
852 3075 909 3129 365
942 3090 963 3127 e.
985 3089 1011 3128 v.
1034 3075 1174 3127 Macarius
1200 3076 1292 3128 iunior

264 3164 472 3216 Alexandrinas.
511 3165 514 3172 '
880 3151 882 3158 ¹

211 3251 244 3319 3)
265 3253 292 3310 S.
311 3268 338 3310 v.
357 3251 495 3304 Macarius
514 3251 614 3304 iunior.

214 3339 245 3409 4)
266 3343 294 3399 S.
313 3357 342 3396 v⁴
361 3340 478 3396 Mdcurii
497 3347 550 3394 tm
568 3339 703 3396 ewrardi.

215 3431 245 3497 5)
268 3428 400 3498 Supplem.
421 3424 573 3486 Commentt.
594 3429 714 3482 Lambec.
726 3428 840 3482 Vindob.
865 3423 938 3480 1690
959 3425 1025 3483 I'.II
1042 3427 1070 3480 itt
1090 3423 1176 3498 iudice
1196 3419 1290 3488 alpirs-

173 3503 175 3510 ’
265 3519 353 3571 betieo
373 3533 394 3574 e.
414 3535 441 3570 v.
463 3520 604 3572 Macarius
623 3519 723 3570 iunior.
780 3581 782 3591 Ι

214 3606 244 3677 6)
265 3607 291 3664 S.
311 3607 416 3659 Maeotii
430 3607 555 3675 Aegyptii
568 3604 663 3674 Opuse.
676 3613 703 3658 et
714 3585 908 3672 Apophthcgm.
925 3599 999 3671 Irips.
1013 3597 1085 3652 1099
1098 3597 1181 3654 Praei.
1193 3597 1219 3661 s.
1232 3592 1291 3650 VII.

214 3697 245 3764 7)
266 3694 329 3763 Gap.
350 3695 387 3748 to
408 3694 477 3762 0pp.
499 3695 594 3748 Meu'rs.
616 3695 633 3746 t.
656 3695 675 3748 t.
697 3711 723 3762 p.
745 3693 812 3749 389.
1124 3685 1126 3692 ’

211 3787 244 3851 8)
263 3785 331 3842 Ibid.
351 3791 378 3836 ct
398 3785 452 3840 VV.
473 3783 521 3838 PI‘.
544 3785 635 3841 norw.
653 3781 699 3840 lib.
720 3785 792 3846 VIII,
813 3796 871 3849 cup.
897 3779 930 3834 19
951 3794 977 3846 ρ.
999 3779 1063 3844 tte,
1084 3780 1112 3833 9.
1179 3794 1181 3800 ’

213 3875 243 3938 9)
264 3875 318 3930 VV.
338 3873 388 3928 Pr.
410 3873 499 3929 liesw.
521 3889 578 3940 cop.
598 3873 615 3926 6
636 3888 662 3939 p.
684 3873 750 3936 950,
773 3875 799 3925 1.

197 3960 245 4031 10)
267 3959 361 4020 „Geloi
373 3961 558 4014 d’Alexeudrie
578 3979 594 4014 e
614 3965 656 4014 cte
676 3967 868 4028 apperemmcut
883 3959 1029 4027 posterieur
1049 3956 1064 4005 1
1084 3951 1150 4003 celui
1161 3945 1290 4013 d'Egyptc

265 4053 337 4102 aussi
357 4050 419 4102 bien
439 4065 507 4118 pour
525 4036 635 4111 I’eutrde
655 4051 720 4112 dous
740 4049 766 4102 Iu
786 4047 909 4111 solitudo,¹
931 4059 982 4114 que
1006 4057 1072 4108 pour
1092 4039 1117 4090 Iu
1144 4038 1290 4091 naissunees

248 4121 407 4206 ¹puisqu'ou
426 4135 453 4188 le
472 4145 524 4190 met
542 4119 661 4204 toujeura
682 4123 760 4204 uprds
780 4137 899 4189 l'cutro,“
922 4131 1058 4186 Memoiree
1078 4127 1106 4184 Τ.
1126 4124 1191 4182 VIII
1211 4126 1292 4184 t’.111

265 4243 292 4294 p.
317 4225 399 4283 tete.
1064 4219 1066 4226 ’

203 4313 250 4380 11)
270 4315 336 4372 Mist.
357 4315 428 4372 Ech.
448 4315 493 4368 lib.
514 4317 564 4380 111,
588 4309 623 4368 14
643 4311 684 4366 cd.
705 4311 722 4366 I.
743 4327 769 4380 p.
790 4312 854 4366 310.
