2990 4986
582 383 824 456 ..17-

150 583 288 660 Melania,
308 591 468 663 postquam
490 601 542 646 res
564 599 634 646 suas
656 581 855 645 Alexandriae
877 583 1021 664 vendidit,
1044 594 1175 650 montem
1191 587 1251 650 ltt-‘

151 694 226 756 triae
249 695 390 777 ingressa
414 712 483 756 curn
504 694 617 757 sanetis
632 693 767 774 patribus
784 693 935 758 dimidium
957 693 1022 756 fere
1044 713 1155 758 annum
1177 717 1252 761 ver-

151 804 281 868 sabatur.
327 806 411 879 Quos
441 805 550 868 deinde
579 821 596 866 a
628 803 781 884 praefecto
809 803 1010 868 Alexandriae
1039 807 1192 890 relegatos
1221 809 1253 872 in

151 914 336 978 Palaestinae
364 917 521 998 regionem
557 917 639 978 circa
668 915 898 980 Diocaesaream
935 917 1021 980 sitam
1057 928 1162 982 secuta
1194 929 1252 1000 est,

151 1026 277 1106 suisque
300 1035 331 1088 et
353 1027 462 1106 opibus
481 1037 511 1090 et
533 1028 669 1090 manibus
685 1027 792 1090 sedulo
810 1027 923 1090 adiuuit
939 1025 980 1111 ¹).
1025 1028 1163 1092 Rufinum
1177 1047 1252 1093 vero

151 1155 212 1199 una
234 1156 303 1200 curn
325 1137 450 1200 Melania
474 1137 504 1199 in
527 1137 725 1200 Palaestinam
753 1137 913 1200 advenisse
935 1136 1137 1220 Hieronymus
1166 1137 1253 1204 audi-

152 1257 251 1328 verat,
274 1249 325 1328 qui
346 1249 498 1311 florentio
521 1249 643 1312 scribit:
668 1249 726 1329 ,lit
747 1249 815 1328 quia
837 1247 931 1312 frater
952 1248 1089 1329 Rufinus,
1111 1249 1163 1329 qui
1184 1269 1253 1312 eum

150 1367 253 1422 saneta
283 1359 409 1421 Melania
446 1359 483 1422 ab
512 1358 652 1442 Aegypto
682 1359 926 1441 Hierosolymam
957 1360 1080 1424 venisse
1111 1369 1253 1424 narratur

150 1515 158 1531 .
182 1516 190 1531 .
215 1470 242 1531 .“
260 1465 293 1552 ²)
323 1468 485 1548 llpistolam
515 1469 612 1532 eidem
634 1468 741 1532 Rufino
770 1469 954 1532 reddendam
974 1469 1176 1552 Hieronymus
1198 1470 1252 1534 lit-

149 1581 223 1642 teris
236 1580 272 1642 ad
283 1579 468 1644 Florentium
482 1582 632 1660 iunxerat,
655 1579 755 1661 inqua
772 1579 918 1662 legimus:
944 1579 1063 1660 ,Audio
1078 1587 1109 1644 te
1118 1580 1253 1663 Aegypti

151 1698 269 1753 secreta
292 1699 472 1771 penetrare,
506 1693 721 1754 monachorum
743 1692 876 1754 invisere
898 1692 1008 1782 ohoros
1038 1699 1069 1753 et
1091 1691 1253 1755 caelestem

149 1802 180 1864 in
202 1808 285 1864 terra
304 1803 465 1865 circumire
479 1802 656 1887 familiam“;
678 1810 759 1865 tum:
786 1802 942 1881 ,Rufinum
956 1803 1035 1864 enim
1045 1801 1159 1866 Nitriae
1181 1819 1252 1866 esse

40 1921 45 1924 ’
150 1923 182 1980 et
205 1915 241 1976 ad
262 1915 383 1978 beatum
404 1915 579 1994 perrexisse
601 1915 766 1978 Macarium
788 1914 897 1976 erebra
919 1915 1148 1977 commeantium
1170 1913 1251 1976 mul-

149 2025 248 2088 titudo
281 2024 462 2088 referebat“.
482 2022 514 2109 ³)
566 2027 631 2100 Oua
659 2027 690 2088 in
719 2025 845 2106 epistola
877 2043 971 2106 quum
1002 2041 1090 2088 senes
1120 2022 1252 2104 Aegypti

152 2136 363 2217 ,confessores
398 2145 429 2200 et
465 2138 618 2202 voluntate
655 2139 712 2200 iam
746 2139 915 2219 martyres“
948 2137 1097 2214 nominet,
1134 2143 1251 2214 tempus

148 2245 236 2310 istius
247 2247 478 2327 persecutionis,
500 2265 588 2328 quarn
599 2247 710 2310 Lucius
729 2247 870 2330 agitabat,
893 2253 995 2328 aperte
1011 2245 1205 2328 significatur.
1218 2242 1251 2326 ⁴)

148 2355 203 2420 llle
224 2359 344 2438 quidem
365 2359 488 2422 nuntius
510 2358 648 2420 Rufinum
678 2377 746 2420 aum
768 2357 895 2420 Melania
923 2356 1133 2436 Hierosolyma
1155 2355 1251 2418 adve-

148 2467 230 2531 nisse
252 2486 348 2530 vanus
370 2467 485 2542 fuerat3
508 2487 576 2530 nam
597 2469 723 2530 Rufinus
745 2468 877 2530 nondum
899 2485 936 2529 eo
962 2463 1148 2550 venerat⁵);
1175 2481 1251 2544 pro-

147 2577 198 2640 bat
219 2587 318 2642 tamen
339 2579 416 2640 haee
443 2577 538 2641 altera
566 2577 702 2658 epistola,
733 2575 872 2640 Rufinum
908 2583 980 2637 tune
1008 2592 1098 2638 senes
1118 2572 1252 2656 Aegypti

224 2835 351 2886 κατέλιπε
378 2839 416 2902 τῳ·
445 2834 514 2905 ἁγίῳ
545 2836 700 2903 :aseraule
730 2837 765 2902 τῷ
794 2827 938 2902 ἐπισκόπῳ
969 2832 1014 2883 καὶ
1042 2829 1197 2900 ἤμακαρὶα
1217 2825 1250 2882 δὲ

224 2919 336 2986 Maleae
353 2919 418 2975 εἶπέ
433 2941 494 2994 μοι,
520 2921 561 2976 ὅτι
581 2925 657 2993 παρα
677 2923 737 2974 τοῦ
756 2921 862 2990 ἁγίου
876 2919 1091 2974 Ἀθανασὶου
1110 2919 1199 2970 ἐκεῖνο
1219 2917 1249 2968 τό

223 3008 327 3064 κώδιον
353 3009 453 3080 ἔλαβον
471 3015 561 3073 ξένιον
579 3013 624 3075 τῆς
650 3009 754 3074 υῑαίνης
780 3009 938 3078 λεγόμενον.
982 3006 1066 3060 Aliter
1086 3005 1190 3056 omuino
1216 3003 1249 3054 de

223 3097 300 3162 pallis
321 3099 462 3152 donatione
483 3100 562 3152 refert
582 3098 769 3165 fragmentum,
791 3096 861 3164 quod
888 3084 959 3148 extat
978 3096 1005 3146 in
1026 3094 1119 3148 codiee
1140 3109 1187 3144 ms.
1208 3091 1247 3143 th.

224 3201 311 3254 graec.
332 3187 486 3240 Bibl.0aes.
506 3187 618 3242 vindob.
638 3187 699 3242 llro.
721 3182 785 3250 att,
807 3184 867 3236 olim
889 3185 954 3248 238,
975 3184 1055 3240 chart.
1072 3182 1119 3234 fol.
1141 3177 1207 3244 247,
1221 3181 1248 3243 2,

223 3273 268 3325 ubi
296 3275 419 3344 legimus:
451 3276 580 3338 Kotilion,
616 3273 685 3342 ὅπερ
717 3273 732 3326 ὁ
764 3269 843 3342 ἅγιος
874 3271 987 3342 Μάρκος
1013 3272 1187 3324 καταλέλοιπε
1214 3268 1250 3337 api

224 3363 294 3433 ἁγίῳ
314 3369 447 3436 Μακαρίῳ
472 3369 507 3434 spi
525 3363 646 3434 μεγάλῳ,
674 3364 719 3413 καὶ
741 3349 818 3417 οὗτος
845 3362 875 3430 τῇ
893 3363 1015 3430 μακαρία
1035 3357 1157 3430 Μελάνῃ.
1197 3355 1250 3408 Sed

224 3449 274 3501 hoe
294 3450 462 3518 fragmentum
483 3451 581 3502 recenti
602 3465 678 3500 manu
689 3447 854 3516 negligenter
865 3448 987 3512 seriptum
1007 3461 1060 3498 non
1080 3453 1168 3512 potest
1188 3461 1249 3497 aueo

225 3539 324 3590 toritati
344 3540 460 3591 codicum
479 3540 582 3590 illorum
604 3539 738 3590 Historiae
759 3535 900 3589 Lauaiaeae
921 3536 1028 3602 opponi.
1067 3535 1159 3602 Neque
1185 3548 1249 3585 vero

225 3627 336 3690 Marcus,
358 3630 404 3680 aad
417 3629 544 3681 Macarius
559 3627 761 3688 Alexandrinus,
781 3624 876 3690 pallam
896 3641 911 3676 a
930 3624 1023 3676 leaena
1043 3626 1153 3690 aceepit,
1174 3637 1249 3690 quam

226 3715 370 3769 Athanasio
400 3718 513 3786 reliquit.
560 3717 635 3781 (Huf.
658 3715 724 3771 Hist.
756 3714 821 3768 ecel.
840 3717 873 3776 X,
910 3709 950 3779 d.)
991 3713 1030 3766 De
1060 3715 1249 3780 permutatione

224 3808 354 3858 nominum
376 3805 489 3880 Μάρκος
509 3813 536 3857 et
557 3806 699 3877 Μακάριος
719 3803 752 3858 ef.
772 3803 839 3854 infra
860 3799 922 3868 Gap.
943 3801 989 3854 itt.

175 3893 203 3956 1)
224 3893 291 3950 llist.
313 3895 390 3946 Laus.
412 3895 454 3947 ed.
477 3895 572 3947 Meurs.
594 3909 651 3959 eap.
677 3894 740 3946 117.
765 3889 832 3957 Opp.
856 3892 950 3946 Meum.
970 3891 988 3947 l.
1008 3889 1026 3942 l.
1049 3907 1073 3958 p.
1095 3885 1160 3943 594.

175 3982 204 4046 2)
225 3982 274 4048 Ep.
295 3977 322 4036 l.
345 3986 372 4036 in
393 3982 459 4051 Opp.
482 3984 588 4038 Hieron.
609 3981 650 4032 ed.
669 3981 755 4048 Migne
776 3977 805 4031 T.
828 3983 839 4030 l
860 3995 886 4046 p.
909 3979 975 4032 336.
1077 4011 1079 4018 =

171 4070 204 4137 3)
224 4071 273 4136 Ep.
294 4071 321 4128 3,
341 4071 404 4128 ibid.
425 4088 451 4139 p.
473 4072 538 4128 332.
558 4071 622 4126 333.
734 4113 736 4120 .
926 4115 928 4122 ,

171 4155 201 4223 4)
221 4162 256 4210 cf.
279 4156 345 4226 0pp.
367 4160 474 4212 Hieron.
499 4159 540 4212 ed.
564 4161 651 4226 Migae
671 4157 700 4212 t.
721 4157 733 4210 l
754 4157 839 4214 Praei.
859 4172 884 4224 p.
905 4155 994 4216 xiix.

171 4247 202 4311 o)
224 4247 350 4304 „Rufinus
371 4259 454 4301 autam
475 4250 565 4312 frater,
592 4247 736 4313 utscribis,
758 4247 867 4300 necdum
888 4245 989 4297 venit.“
1031 4239 1080 4308 Ep.
1101 4240 1117 4294 5
1140 4241 1246 4292 Hieron.

224 4336 258 4388 ad
278 4337 443 4392 Florentium.
465 4338 530 4390 ibid.
553 4353 577 4404 p.
599 4336 665 4390 336.

1034 4435 1050 4486 2
