<?xml version="1.0" encoding="UTF-8"?>
<!DOCTYPE html PUBLIC "-//W3C//DTD XHTML 1.0 Transitional//EN"
    "http://www.w3.org/TR/xhtml1/DTD/xhtml1-transitional.dtd">
<html xmlns="http://www.w3.org/1999/xhtml" xml:lang="en" lang="en">
 <head>
  <title>
</title>
<meta http-equiv="Content-Type" content="text/html;charset=utf-8" />
  <meta name='ocr-system' content='tesseract 3.04.00' />
  <meta name='ocr-capabilities' content='ocr_page ocr_carea ocr_par ocr_line ocrx_word'/>
</head>
<body>
  <div class='ocr_page' id='page_1' title='image "./macariiaegyptii00macagoog_0181.png"; bbox 0 0 2952 4972; ppageno 0'>
   <div class='ocr_carea' id='block_1_1' title="bbox 663 473 950 543">
    <p class='ocr_par' dir='ltr' id='par_1_1' title="bbox 663 473 950 543">
     <span class='ocr_line' id='line_1_1' title="bbox 663 473 950 543; baseline -0.007 1"><span class='ocrx_word' id='word_1_1' title='bbox 663 473 950 543; x_wconf 79' lang='lat' dir='ltr'><strong>-luu-</strong></span> 
     </span>
    </p>
   </div>
   <div class='ocr_carea' id='block_1_2' title="bbox 255 677 1361 1521">
    <p class='ocr_par' dir='ltr' id='par_1_2' title="bbox 259 677 1351 1090">
     <span class='ocr_line' id='line_1_2' title="bbox 259 677 1351 767; baseline -0.005 -14"><span class='ocrx_word' id='word_1_2' title='bbox 259 687 355 767; x_wconf 79' lang='lat' dir='ltr'><strong>pulei,</strong></span> <span class='ocrx_word' id='word_1_3' title='bbox 390 687 518 751; x_wconf 86' lang='lat' dir='ltr'><strong>eandem</strong></span> <span class='ocrx_word' id='word_1_4' title='bbox 541 689 671 748; x_wconf 84' lang='lat' dir='ltr'><strong>morteur</strong></span> <span class='ocrx_word' id='word_1_5' title='bbox 697 683 770 764; x_wconf 90' lang='lat' dir='ltr'><strong>pati.</strong></span> <span class='ocrx_word' id='word_1_6' title='bbox 814 677 901 743; x_wconf 85' lang='lat' dir='ltr'>Unde</span> <span class='ocrx_word' id='word_1_7' title='bbox 930 686 963 743; x_wconf 87' lang='lat' dir='ltr'><strong>et</strong></span> <span class='ocrx_word' id='word_1_8' title='bbox 983 682 1034 762; x_wconf 78' lang='lat' dir='ltr'><strong>qui</strong></span> <span class='ocrx_word' id='word_1_9' title='bbox 1057 695 1169 762; x_wconf 89' lang='lat' dir='ltr'><strong>corpus</strong></span> <span class='ocrx_word' id='word_1_10' title='bbox 1201 683 1267 746; x_wconf 86' lang='lat' dir='ltr'><strong>cius</strong></span> <span class='ocrx_word' id='word_1_11' title='bbox 1292 678 1351 748; x_wconf 90' lang='lat' dir='ltr'><strong>ali·-</strong></span> 
     </span>
     <span class='ocr_line' id='line_1_3' title="bbox 265 781 1351 875; baseline -0.005 -19"><span class='ocrx_word' id='word_1_12' title='bbox 265 791 387 874; x_wconf 83' lang='lat' dir='ltr'><strong>quaudo</strong></span> <span class='ocrx_word' id='word_1_13' title='bbox 411 788 670 875; x_wconf 61' lang='lat' dir='ltr'><strong>perforatores</strong></span> <span class='ocrx_word' id='word_1_14' title='bbox 695 789 745 868; x_wconf 80' lang='lat' dir='ltr'><strong>pul</strong></span> <span class='ocrx_word' id='word_1_15' title='bbox 768 803 848 852; x_wconf 87' lang='lat' dir='ltr'><strong>nuno</strong></span> <span class='ocrx_word' id='word_1_16' title='bbox 872 785 1030 866; x_wconf 81' lang='lat' dir='ltr'><strong>laqalhaut</strong></span> <span class='ocrx_word' id='word_1_17' title='bbox 1052 781 1134 866; x_wconf 83' lang='lat' dir='ltr'><strong>illud,</strong></span> <span class='ocrx_word' id='word_1_18' title='bbox 1158 789 1269 871; x_wconf 81' lang='lat' dir='ltr'><strong>quippe</strong></span> <span class='ocrx_word' id='word_1_19' title='bbox 1291 789 1351 854; x_wconf 76' lang='lat' dir='ltr'><strong>llu-</strong></span> 
     </span>
     <span class='ocr_line' id='line_1_4' title="bbox 259 894 1350 983; baseline 0 -19"><span class='ocrx_word' id='word_1_20' title='bbox 259 912 334 982; x_wconf 88' lang='lat' dir='ltr'><strong>puru</strong></span> <span class='ocrx_word' id='word_1_21' title='bbox 370 901 467 982; x_wconf 86' lang='lat' dir='ltr'><strong>ipsum</strong></span> <span class='ocrx_word' id='word_1_22' title='bbox 500 903 604 962; x_wconf 84' lang='lat' dir='ltr'><strong>mente</strong></span> <span class='ocrx_word' id='word_1_23' title='bbox 626 894 856 979; x_wconf 76' lang='lat' dir='ltr'><strong>percipientes,</strong></span> <span class='ocrx_word' id='word_1_24' title='bbox 886 895 966 958; x_wconf 82' lang='lat' dir='ltr'><strong>ilem</strong></span> <span class='ocrx_word' id='word_1_25' title='bbox 998 898 1065 958; x_wconf 79' lang='lat' dir='ltr'><strong>eam</strong></span> <span class='ocrx_word' id='word_1_26' title='bbox 1101 895 1350 983; x_wconf 73' lang='lat' dir='ltr'><strong>crucifigentibus</strong></span> 
     </span>
     <span class='ocr_line' id='line_1_5' title="bbox 259 999 1104 1090; baseline -0.006 -17"><span class='ocrx_word' id='word_1_27' title='bbox 259 1003 412 1073; x_wconf 79' lang='lat' dir='ltr'>Christum</span> <span class='ocrx_word' id='word_1_28' title='bbox 435 1005 574 1072; x_wconf 87' lang='lat' dir='ltr'><strong>iudicium</strong></span> <span class='ocrx_word' id='word_1_29' title='bbox 598 1022 637 1070; x_wconf 81' lang='lat' dir='ltr'><strong>ex</strong></span> <span class='ocrx_word' id='word_1_30' title='bbox 661 1003 792 1090; x_wconf 77' lang='lat' dir='ltr'><strong>apostoli</strong></span> <span class='ocrx_word' id='word_1_31' title='bbox 814 1005 916 1068; x_wconf 84' lang='lat' dir='ltr'><strong>verbis</strong></span> <span class='ocrx_word' id='word_1_32' title='bbox 930 999 1104 1068; x_wconf 84' lang='lat' dir='ltr'><strong>suhihuai“.</strong></span> 
     </span>
    </p>

    <p class='ocr_par' dir='ltr' id='par_1_3' title="bbox 255 1105 1361 1521">
     <span class='ocr_line' id='line_1_6' title="bbox 348 1105 1351 1198; baseline -0.005 -16"><span class='ocrx_word' id='word_1_33' title='bbox 348 1115 455 1198; x_wconf 81' lang='lat' dir='ltr'><strong>„Alias</strong></span> <span class='ocrx_word' id='word_1_34' title='bbox 480 1115 645 1181; x_wconf 77' lang='lat' dir='ltr'><strong>consessus</strong></span> <span class='ocrx_word' id='word_1_35' title='bbox 668 1120 719 1178; x_wconf 91' lang='lat' dir='ltr'><strong>est</strong></span> <span class='ocrx_word' id='word_1_36' title='bbox 740 1105 892 1178; x_wconf 76' lang='lat' dir='ltr'><strong>Macarius</strong></span> <span class='ocrx_word' id='word_1_37' title='bbox 916 1111 1029 1176; x_wconf 86' lang='lat' dir='ltr'><strong>abbas:</strong></span> <span class='ocrx_word' id='word_1_38' title='bbox 1053 1113 1150 1188; x_wconf 78' lang='lat' dir='ltr'><strong>Quum</strong></span> <span class='ocrx_word' id='word_1_39' title='bbox 1173 1113 1269 1176; x_wconf 86' lang='lat' dir='ltr'><strong>iunior</strong></span> <span class='ocrx_word' id='word_1_40' title='bbox 1292 1127 1351 1177; x_wconf 86' lang='lat' dir='ltr'><strong>es-</strong></span> 
     </span>
     <span class='ocr_line' id='line_1_7' title="bbox 257 1217 1361 1303; baseline -0.002 -17"><span class='ocrx_word' id='word_1_41' title='bbox 257 1241 323 1287; x_wconf 87' lang='lat' dir='ltr'><strong>sern</strong></span> <span class='ocrx_word' id='word_1_42' title='bbox 347 1225 492 1303; x_wconf 82' lang='lat' dir='ltr'><strong>curisque</strong></span> <span class='ocrx_word' id='word_1_43' title='bbox 514 1224 545 1286; x_wconf 88' lang='lat' dir='ltr'><strong>iu</strong></span> <span class='ocrx_word' id='word_1_44' title='bbox 569 1221 647 1284; x_wconf 86' lang='lat' dir='ltr'><strong>cella</strong></span> <span class='ocrx_word' id='word_1_45' title='bbox 664 1219 815 1296; x_wconf 77' lang='lat' dir='ltr'><strong>vocareris,</strong></span> <span class='ocrx_word' id='word_1_46' title='bbox 837 1221 867 1282; x_wconf 84' lang='lat' dir='ltr'><strong>ia</strong></span> <span class='ocrx_word' id='word_1_47' title='bbox 892 1235 1025 1282; x_wconf 86' lang='lat' dir='ltr'><strong>eremum</strong></span> <span class='ocrx_word' id='word_1_48' title='bbox 1049 1217 1206 1299; x_wconf 88' lang='lat' dir='ltr'><strong>protectus</strong></span> <span class='ocrx_word' id='word_1_49' title='bbox 1229 1220 1361 1284; x_wconf 85' lang='lat' dir='ltr'><strong>mecum&#39;</strong></span> 
     </span>
     <span class='ocr_line' id='line_1_8' title="bbox 255 1318 1349 1416; baseline -0.005 -18"><span class='ocrx_word' id='word_1_50' title='bbox 255 1335 402 1416; x_wconf 87' lang='lat' dir='ltr'><strong>reputans</strong></span> <span class='ocrx_word' id='word_1_51' title='bbox 425 1327 498 1396; x_wconf 85' lang='lat' dir='ltr'><strong>dlxi:</strong></span> <span class='ocrx_word' id='word_1_52' title='bbox 521 1331 575 1396; x_wconf 79' lang='lat' dir='ltr'><strong>Cui</strong></span> <span class='ocrx_word' id='word_1_53' title='bbox 600 1330 749 1410; x_wconf 59' lang='lat' dir='ltr'><strong>occurris</strong></span> <span class='ocrx_word' id='word_1_54' title='bbox 778 1343 846 1392; x_wconf 86' lang='lat' dir='ltr'><strong>eam</strong></span> <span class='ocrx_word' id='word_1_55' title='bbox 875 1325 1032 1414; x_wconf 82' lang='lat' dir='ltr'><strong>interroga</strong></span> <span class='ocrx_word' id='word_1_56' title='bbox 1056 1329 1111 1409; x_wconf 82' lang='lat' dir='ltr'><strong>pr&#39;o</strong></span> <span class='ocrx_word' id='word_1_57' title='bbox 1134 1318 1264 1391; x_wconf 79' lang='lat' dir='ltr'><strong>utilitate</strong></span> <span class='ocrx_word' id='word_1_58' title='bbox 1288 1333 1349 1392; x_wconf 88' lang='lat' dir='ltr'><strong>tua.</strong></span> 
     </span>
     <span class='ocr_line' id='line_1_9' title="bbox 256 1432 1348 1521; baseline -0.005 -18"><span class='ocrx_word' id='word_1_59' title='bbox 256 1439 360 1520; x_wconf 73' lang='lat' dir='ltr'><strong>utque</strong></span> <span class='ocrx_word' id='word_1_60' title='bbox 381 1437 537 1521; x_wconf 84' lang='lat' dir='ltr'><strong>puerulmu</strong></span> <span class='ocrx_word' id='word_1_61' title='bbox 560 1433 782 1502; x_wconf 84' lang='lat' dir='ltr'><strong>inveui&#39;hoves</strong></span> <span class='ocrx_word' id='word_1_62' title='bbox 806 1434 993 1518; x_wconf 85' lang='lat' dir='ltr'><strong>pascentem,</strong></span> <span class='ocrx_word' id='word_1_63' title='bbox 1017 1436 1084 1497; x_wconf 85' lang='lat' dir='ltr'><strong>cui:</strong></span> <span class='ocrx_word' id='word_1_64' title='bbox 1116 1432 1203 1513; x_wconf 84' lang='lat' dir='ltr'><strong>Quid,</strong></span> <span class='ocrx_word' id='word_1_65' title='bbox 1226 1435 1348 1514; x_wconf 85' lang='lat' dir='ltr'><strong>iuquam</strong></span> 
     </span>
    </p>
   </div>
   <div class='ocr_carea' id='block_1_3' title="bbox 255 1537 1452 1628">
    <p class='ocr_par' dir='ltr' id='par_1_4' title="bbox 255 1537 1452 1628">
     <span class='ocr_line' id='line_1_10' title="bbox 255 1537 1452 1628; baseline -0.005 -18"><span class='ocrx_word' id='word_1_66' title='bbox 255 1543 374 1625; x_wconf 83' lang='lat' dir='ltr'><strong>helam,</strong></span> <span class='ocrx_word' id='word_1_67' title='bbox 396 1541 535 1628; x_wconf 75' lang='lat' dir='ltr'><strong>puerulo,</strong></span> <span class='ocrx_word' id='word_1_68' title='bbox 558 1545 627 1624; x_wconf 84' lang='lat' dir='ltr'><strong>quia</strong></span> <span class='ocrx_word' id='word_1_69' title='bbox 650 1541 785 1609; x_wconf 76' lang='lat' dir='ltr'><strong>esurio?</strong></span> <span class='ocrx_word' id='word_1_70' title='bbox 819 1540 848 1606; x_wconf 82' lang='lat' dir='ltr'><strong>la</strong></span> <span class='ocrx_word' id='word_1_71' title='bbox 872 1541 956 1604; x_wconf 83' lang='lat' dir='ltr'><strong>mihi:</strong></span> <span class='ocrx_word' id='word_1_72' title='bbox 977 1537 1121 1618; x_wconf 74' lang='lat' dir='ltr'><strong>comede,</strong></span> <span class='ocrx_word' id='word_1_73' title='bbox 1143 1541 1252 1621; x_wconf 84' lang='lat' dir='ltr'><strong>iuquit,</strong></span> <span class='ocrx_word' id='word_1_74' title='bbox 1274 1547 1348 1606; x_wconf 87' lang='lat' dir='ltr'><strong>tan·</strong></span> <span class='ocrx_word' id='word_1_75' title='bbox 1451 1569 1452 1574; x_wconf 65' lang='lat'>,</span> 
     </span>
    </p>
   </div>
   <div class='ocr_carea' id='block_1_4' title="bbox 138 1639 1346 2267">
    <p class='ocr_par' dir='ltr' id='par_1_5' title="bbox 138 1639 1346 2168">
     <span class='ocr_line' id='line_1_11' title="bbox 254 1639 1346 1736; baseline -0.004 -20"><span class='ocrx_word' id='word_1_76' title='bbox 254 1653 332 1716; x_wconf 81' lang='lat' dir='ltr'><strong>dem.</strong></span> <span class='ocrx_word' id='word_1_77' title='bbox 380 1651 453 1716; x_wconf 85' lang='lat' dir='ltr'><strong>&#39;lum</strong></span> <span class='ocrx_word' id='word_1_78' title='bbox 477 1669 551 1736; x_wconf 82' lang='lat' dir='ltr'><strong>ego:</strong></span> <span class='ocrx_word' id='word_1_79' title='bbox 582 1639 730 1731; x_wconf 69' lang='lat' dir='ltr'><strong>(loracelli,</strong></span> <span class='ocrx_word' id='word_1_80' title='bbox 765 1647 821 1714; x_wconf 89' lang='lat' dir='ltr'><strong>scd</strong></span> <span class='ocrx_word' id='word_1_81' title='bbox 848 1648 957 1716; x_wconf 87' lang='lat' dir='ltr'><strong>iterum</strong></span> <span class='ocrx_word' id='word_1_82' title='bbox 981 1645 1104 1711; x_wconf 81' lang='lat' dir='ltr'><strong>esurio.</strong></span> <span class='ocrx_word' id='word_1_83' title='bbox 1160 1649 1207 1713; x_wconf 82' lang='lat' dir='ltr'><strong>hc</strong></span> <span class='ocrx_word' id='word_1_84' title='bbox 1238 1662 1346 1713; x_wconf 87' lang='lat' dir='ltr'><strong>rursus</strong></span> 
     </span>
     <span class='ocr_line' id='line_1_12' title="bbox 254 1743 1346 1842; baseline -0.005 -20"><span class='ocrx_word' id='word_1_85' title='bbox 254 1743 324 1822; x_wconf 88' lang='lat' dir='ltr'><strong>mihi</strong></span> <span class='ocrx_word' id='word_1_86' title='bbox 334 1755 420 1820; x_wconf 86' lang='lat' dir='ltr'><strong>dixit:</strong></span> <span class='ocrx_word' id='word_1_87' title='bbox 443 1752 526 1842; x_wconf 83' lang='lat' dir='ltr'><strong>Ergo</strong></span> <span class='ocrx_word' id='word_1_88' title='bbox 538 1759 647 1821; x_wconf 87' lang='lat' dir='ltr'><strong>iterum</strong></span> <span class='ocrx_word' id='word_1_89' title='bbox 656 1757 794 1821; x_wconf 87' lang='lat' dir='ltr'><strong>comede.</strong></span> <span class='ocrx_word' id='word_1_90' title='bbox 818 1755 961 1821; x_wconf 83' lang='lat' dir='ltr'><strong>Similiter</strong></span> <span class='ocrx_word' id='word_1_91' title='bbox 974 1753 1346 1839; x_wconf 75' lang='lat' dir='ltr'><strong>etegozsaepeaumero,</strong></span> 
     </span>
     <span class='ocr_line' id='line_1_13' title="bbox 254 1857 1344 1947; baseline -0.004 -19"><span class='ocrx_word' id='word_1_92' title='bbox 254 1865 392 1944; x_wconf 83' lang='lat' dir='ltr'><strong>iuquam,</strong></span> <span class='ocrx_word' id='word_1_93' title='bbox 415 1863 543 1944; x_wconf 83' lang='lat' dir='ltr'><strong>corucdi,</strong></span> <span class='ocrx_word' id='word_1_94' title='bbox 567 1864 730 1945; x_wconf 78' lang='lat' dir='ltr'>denuoque</span> <span class='ocrx_word' id='word_1_95' title='bbox 753 1866 882 1947; x_wconf 88' lang='lat' dir='ltr'><strong>semper&#39;</strong></span> <span class='ocrx_word' id='word_1_96' title='bbox 901 1865 1013 1927; x_wconf 83' lang='lat' dir='ltr'><strong>esurio.</strong></span> <span class='ocrx_word' id='word_1_97' title='bbox 1046 1861 1095 1925; x_wconf 75' lang='lat' dir='ltr'><strong>hcl</strong></span> <span class='ocrx_word' id='word_1_98' title='bbox 1117 1860 1199 1924; x_wconf 85' lang='lat' dir='ltr'><strong>heco</strong></span> <span class='ocrx_word' id='word_1_99' title='bbox 1216 1857 1267 1924; x_wconf 87' lang='lat' dir='ltr'><strong>ille</strong></span> <span class='ocrx_word' id='word_1_100' title='bbox 1289 1879 1344 1924; x_wconf 83' lang='lat' dir='ltr'><strong>re-</strong></span> 
     </span>
     <span class='ocr_line' id='line_1_14' title="bbox 255 1966 1345 2054; baseline -0.006 -16"><span class='ocrx_word' id='word_1_101' title='bbox 255 1966 393 2054; x_wconf 82' lang='lat' dir='ltr'><strong>spondit:</strong></span> <span class='ocrx_word' id='word_1_102' title='bbox 414 1971 482 2037; x_wconf 87' lang='lat' dir='ltr'><strong>Nou</strong></span> <span class='ocrx_word' id='word_1_103' title='bbox 505 1968 629 2036; x_wconf 84' lang='lat' dir='ltr'><strong>muitum</strong></span> <span class='ocrx_word' id='word_1_104' title='bbox 652 1973 757 2053; x_wconf 86' lang='lat' dir='ltr'><strong>ahest,</strong></span> <span class='ocrx_word' id='word_1_105' title='bbox 779 1979 814 2037; x_wconf 90' lang='lat' dir='ltr'><strong>ut</strong></span> <span class='ocrx_word' id='word_1_106' title='bbox 835 1971 941 2036; x_wconf 86' lang='lat' dir='ltr'><strong>asinus</strong></span> <span class='ocrx_word' id='word_1_107' title='bbox 965 1971 1021 2047; x_wconf 88' lang='lat' dir='ltr'><strong>sis,</strong></span> <span class='ocrx_word' id='word_1_108' title='bbox 1042 1967 1132 2048; x_wconf 85' lang='lat' dir='ltr'><strong>ahha,</strong></span> <span class='ocrx_word' id='word_1_109' title='bbox 1157 1970 1269 2051; x_wconf 77' lang='lat' dir='ltr'><strong>quippe</strong></span> <span class='ocrx_word' id='word_1_110' title='bbox 1294 1971 1345 2048; x_wconf 78' lang='lat' dir='ltr'><strong>qui</strong></span> 
     </span>
     <span class='ocr_line' id='line_1_15' title="bbox 138 2073 1285 2168; baseline -0.006 -23"><span class='ocrx_word' id='word_1_111' title='bbox 138 2161 142 2168; x_wconf 33' lang='grc' dir='ltr'>Ι</span> <span class='ocrx_word' id='word_1_112' title='bbox 255 2091 380 2162; x_wconf 85' lang='lat' dir='ltr'>semper</span> <span class='ocrx_word' id='word_1_113' title='bbox 401 2081 487 2144; x_wconf 80' lang='lat' dir='ltr'><strong>vesci</strong></span> <span class='ocrx_word' id='word_1_114' title='bbox 510 2077 596 2143; x_wconf 82' lang='lat' dir='ltr'><strong>reiis.</strong></span> <span class='ocrx_word' id='word_1_115' title='bbox 641 2079 748 2160; x_wconf 84' lang='lat' dir='ltr'><strong>ltaque</strong></span> <span class='ocrx_word' id='word_1_116' title='bbox 771 2085 881 2144; x_wconf 76' lang='lat' dir='ltr'><strong>aacms</strong></span> <span class='ocrx_word' id='word_1_117' title='bbox 903 2075 1064 2142; x_wconf 77' lang='lat' dir='ltr'><strong>utilitatem</strong></span> <span class='ocrx_word' id='word_1_118' title='bbox 1088 2073 1285 2156; x_wconf 55' lang='lat' dir='ltr'><strong>diaecesim).</strong></span> 
     </span>
    </p>

    <p class='ocr_par' dir='ltr' id='par_1_6' title="bbox 184 2179 1343 2267">
     <span class='ocr_line' id='line_1_16' title="bbox 184 2179 1343 2267; baseline -0.003 -20"><span class='ocrx_word' id='word_1_119' title='bbox 184 2186 193 2191; x_wconf 84' lang='grc'><em>“</em></span> <span class='ocrx_word' id='word_1_120' title='bbox 342 2181 409 2249; x_wconf 85' lang='lat' dir='ltr'><strong>Etsi</strong></span> <span class='ocrx_word' id='word_1_121' title='bbox 447 2181 648 2267; x_wconf 84' lang='lat' dir='ltr'><strong>perpulchrae</strong></span> <span class='ocrx_word' id='word_1_122' title='bbox 682 2186 741 2249; x_wconf 86' lang='lat' dir='ltr'><strong>hac</strong></span> <span class='ocrx_word' id='word_1_123' title='bbox 774 2183 852 2250; x_wconf 85' lang='lat' dir='ltr'><strong>duae</strong></span> <span class='ocrx_word' id='word_1_124' title='bbox 890 2179 1039 2248; x_wconf 83' lang='lat' dir='ltr'><strong>historiae</strong></span> <span class='ocrx_word' id='word_1_125' title='bbox 1078 2191 1197 2266; x_wconf 82' lang='lat' dir='ltr'><strong>reapse¹</strong></span> <span class='ocrx_word' id='word_1_126' title='bbox 1221 2181 1343 2262; x_wconf 80' lang='lat' dir='ltr'><strong>utrique</strong></span> 
     </span>
    </p>
   </div>
   <div class='ocr_carea' id='block_1_5' title="bbox 126 2245 1345 2372">
    <p class='ocr_par' dir='ltr' id='par_1_7' title="bbox 126 2245 1345 2372">
     <span class='ocr_line' id='line_1_17' title="bbox 126 2245 1345 2372; baseline -0.008 -14"><span class='ocrx_word' id='word_1_127' title='bbox 126 2245 128 2252; x_wconf 22' lang='grc' dir='ltr'>Ι</span> <span class='ocrx_word' id='word_1_128' title='bbox 253 2274 455 2354; x_wconf 60' lang='lat' dir='ltr'><strong>macariorum</strong></span> <span class='ocrx_word' id='word_1_129' title='bbox 477 2289 558 2355; x_wconf 85' lang='lat' dir='ltr'><strong>hene</strong></span> <span class='ocrx_word' id='word_1_130' title='bbox 581 2293 777 2372; x_wconf 85' lang='lat' dir='ltr'><strong>conveniunt,</strong></span> <span class='ocrx_word' id='word_1_131' title='bbox 800 2288 956 2356; x_wconf 79' lang='lat' dir='ltr'><strong>trihuerhr</strong></span> <span class='ocrx_word' id='word_1_132' title='bbox 979 2290 1081 2353; x_wconf 83' lang='lat' dir='ltr'><strong>tahrcu</strong></span> <span class='ocrx_word' id='word_1_133' title='bbox 1103 2300 1159 2352; x_wconf 85' lang='lat' dir='ltr'><strong>eas</strong></span> <span class='ocrx_word' id='word_1_134' title='bbox 1177 2288 1345 2371; x_wconf 72' lang='lat' dir='ltr'><strong>Aegyptio-3</strong></span> 
     </span>
    </p>
   </div>
   <div class='ocr_carea' id='block_1_6' title="bbox 254 2393 1343 2484">
    <p class='ocr_par' dir='ltr' id='par_1_8' title="bbox 254 2393 1343 2484">
     <span class='ocr_line' id='line_1_18' title="bbox 254 2393 1343 2484; baseline -0.006 -23"><span class='ocrx_word' id='word_1_135' title='bbox 254 2404 288 2462; x_wconf 86' lang='lat' dir='ltr'><strong>et</strong></span> <span class='ocrx_word' id='word_1_136' title='bbox 315 2395 440 2463; x_wconf 86' lang='lat' dir='ltr'><strong>alteram</strong></span> <span class='ocrx_word' id='word_1_137' title='bbox 464 2397 583 2484; x_wconf 85' lang='lat' dir='ltr'><strong>quidem</strong></span> <span class='ocrx_word' id='word_1_138' title='bbox 607 2407 736 2482; x_wconf 83' lang='lat' dir='ltr'><strong>propter</strong></span> <span class='ocrx_word' id='word_1_139' title='bbox 762 2394 984 2464; x_wconf 81' lang='lat' dir='ltr'><strong>similitudinem</strong></span> <span class='ocrx_word' id='word_1_140' title='bbox 1006 2395 1260 2462; x_wconf 74' lang='lat' dir='ltr'><strong>docuisse-chuc</strong></span> <span class='ocrx_word' id='word_1_141' title='bbox 1283 2393 1343 2455; x_wconf 86' lang='lat' dir='ltr'><strong>ho-</strong></span> 
     </span>
    </p>
   </div>
   <div class='ocr_carea' id='block_1_7' title="bbox 253 2491 1454 2911">
    <p class='ocr_par' dir='ltr' id='par_1_9' title="bbox 253 2491 1454 2805">
     <span class='ocr_line' id='line_1_19' title="bbox 253 2491 1343 2590; baseline -0.002 -24"><span class='ocrx_word' id='word_1_142' title='bbox 253 2501 343 2567; x_wconf 85' lang='lat' dir='ltr'><strong>miliis</strong></span> <span class='ocrx_word' id='word_1_143' title='bbox 368 2505 444 2584; x_wconf 63' lang='lat' dir='ltr'><strong>eius</strong></span> <span class='ocrx_word' id='word_1_144' title='bbox 467 2505 594 2572; x_wconf 85' lang='lat' dir='ltr'><strong>alteram</strong></span> <span class='ocrx_word' id='word_1_145' title='bbox 618 2507 658 2570; x_wconf 89' lang='lat' dir='ltr'><strong>oh</strong></span> <span class='ocrx_word' id='word_1_146' title='bbox 677 2509 772 2590; x_wconf 90' lang='lat' dir='ltr'><strong>ipsius</strong></span> <span class='ocrx_word' id='word_1_147' title='bbox 795 2518 904 2571; x_wconf 80' lang='lat' dir='ltr'><strong>nexum</strong></span> <span class='ocrx_word' id='word_1_148' title='bbox 926 2522 995 2571; x_wconf 87' lang='lat' dir='ltr'><strong>curn</strong></span> <span class='ocrx_word' id='word_1_149' title='bbox 1018 2491 1144 2570; x_wconf 77' lang='lat' dir='ltr'><strong>historia</strong></span> <span class='ocrx_word' id='word_1_150' title='bbox 1163 2502 1202 2566; x_wconf 83' lang='lat' dir='ltr'><strong>de</strong></span> <span class='ocrx_word' id='word_1_151' title='bbox 1224 2505 1343 2564; x_wconf 72' lang='lat' dir='ltr'><strong>mortae</strong></span> 
     </span>
     <span class='ocr_line' id='line_1_20' title="bbox 253 2607 1454 2694; baseline 0 -22"><span class='ocrx_word' id='word_1_152' title='bbox 253 2607 500 2676; x_wconf 85' lang='lat' dir='ltr'><strong>adrelellendurn</strong></span> <span class='ocrx_word' id='word_1_153' title='bbox 515 2613 696 2679; x_wconf 82' lang='lat' dir='ltr'><strong>hieracitam</strong></span> <span class='ocrx_word' id='word_1_154' title='bbox 719 2612 917 2693; x_wconf 87' lang='lat' dir='ltr'><strong>resuscitato,</strong></span> <span class='ocrx_word' id='word_1_155' title='bbox 942 2626 1020 2694; x_wconf 84' lang='lat' dir='ltr'><strong>quac</strong></span> <span class='ocrx_word' id='word_1_156' title='bbox 1043 2611 1193 2675; x_wconf 79' lang='lat' dir='ltr'><strong>iucorlice</strong></span> <span class='ocrx_word' id='word_1_157' title='bbox 1206 2610 1342 2692; x_wconf 75' lang='lat' dir='ltr'><strong>prostare</strong></span> <span class='ocrx_word' id='word_1_158' title='bbox 1453 2655 1454 2660; x_wconf 17' lang='grc' dir='ltr'>η</span> 
     </span>
     <span class='ocr_line' id='line_1_21' title="bbox 254 2717 1098 2805; baseline 0.005 -25"><span class='ocrx_word' id='word_1_159' title='bbox 254 2717 416 2784; x_wconf 85' lang='lat' dir='ltr'><strong>subiuncta</strong></span> <span class='ocrx_word' id='word_1_160' title='bbox 439 2719 477 2784; x_wconf 86' lang='lat' dir='ltr'><strong>ad</strong></span> <span class='ocrx_word' id='word_1_161' title='bbox 500 2721 629 2788; x_wconf 85' lang='lat' dir='ltr'><strong>eundem</strong></span> <span class='ocrx_word' id='word_1_162' title='bbox 652 2717 817 2788; x_wconf 87' lang='lat' dir='ltr'><strong>hlacarium</strong></span> <span class='ocrx_word' id='word_1_163' title='bbox 838 2719 1007 2805; x_wconf 77' lang='lat' dir='ltr'><strong>respicit&#39;).</strong></span> <span class='ocrx_word' id='word_1_164' title='bbox 1094 2757 1098 2762; x_wconf 93' lang='lat'><em>-</em></span> 
     </span>
    </p>

    <p class='ocr_par' dir='ltr' id='par_1_10' title="bbox 341 2813 1341 2911">
     <span class='ocr_line' id='line_1_22' title="bbox 341 2813 1341 2911; baseline -0.009 -12"><span class='ocrx_word' id='word_1_165' title='bbox 341 2827 368 2899; x_wconf 79' lang='lat' dir='ltr'><strong>t.</strong></span> <span class='ocrx_word' id='word_1_166' title='bbox 392 2829 443 2892; x_wconf 79' lang='lat' dir='ltr'><strong>uo.</strong></span> <span class='ocrx_word' id='word_1_167' title='bbox 490 2831 657 2911; x_wconf 72' lang='lat' dir='ltr'><strong>superest,</strong></span> <span class='ocrx_word' id='word_1_168' title='bbox 685 2837 719 2894; x_wconf 78' lang='lat' dir='ltr'><strong>at</strong></span> <span class='ocrx_word' id='word_1_169' title='bbox 741 2831 821 2896; x_wconf 71' lang='lat' dir='ltr'><strong>vius</strong></span> <span class='ocrx_word' id='word_1_170' title='bbox 845 2813 974 2893; x_wconf 70' lang='lat' dir='ltr'><strong>auruum</strong></span> <span class='ocrx_word' id='word_1_171' title='bbox 998 2830 1195 2910; x_wconf 67' lang='lat' dir='ltr'><strong>sarcarum,</strong></span> <span class='ocrx_word' id='word_1_172' title='bbox 1210 2831 1249 2892; x_wconf 82' lang='lat' dir='ltr'><strong>¹ur</strong></span> <span class='ocrx_word' id='word_1_173' title='bbox 1272 2829 1341 2909; x_wconf 74' lang='lat' dir='ltr'><strong>pu-</strong></span> 
     </span>
    </p>
   </div>
   <div class='ocr_carea' id='block_1_8' title="bbox 246 2921 1372 4098">
    <p class='ocr_par' dir='ltr' id='par_1_11' title="bbox 246 2921 1372 4098">
     <span class='ocr_line' id='line_1_23' title="bbox 254 2921 1342 3016; baseline 0.001 -22"><span class='ocrx_word' id='word_1_174' title='bbox 254 2929 311 2994; x_wconf 83' lang='lat' dir='ltr'><strong>hus</strong></span> <span class='ocrx_word' id='word_1_175' title='bbox 335 2930 535 3002; x_wconf 79' lang='lat' dir='ltr'><strong>Macarioruur</strong></span> <span class='ocrx_word' id='word_1_176' title='bbox 563 2945 737 3003; x_wconf 79' lang='lat' dir='ltr'><strong>nostrorum</strong></span> <span class='ocrx_word' id='word_1_177' title='bbox 761 2921 960 3016; x_wconf 61' lang='lat' dir='ltr'><strong>crrentio&#39;lit,⁴¹</strong></span> <span class='ocrx_word' id='word_1_178' title='bbox 977 2932 1196 3000; x_wconf 67' lang='grc' dir='ltr'><strong>Ιιειιιιιιιιιιιιιιιιε.</strong></span> <span class='ocrx_word' id='word_1_179' title='bbox 1246 2934 1342 3009; x_wconf 81' lang='lat' dir='ltr'><strong>Quem</strong></span> 
     </span>
     <span class='ocr_line' id='line_1_24' title="bbox 251 3035 1342 3128; baseline 0.001 -28"><span class='ocrx_word' id='word_1_180' title='bbox 251 3039 284 3100; x_wconf 83' lang='lat' dir='ltr'><strong>iu</strong></span> <span class='ocrx_word' id='word_1_181' title='bbox 306 3035 395 3102; x_wconf 79' lang='lat' dir='ltr'><strong>irem</strong></span> <span class='ocrx_word' id='word_1_182' title='bbox 419 3041 537 3127; x_wconf 78' lang='lat' dir='ltr'><strong>singula</strong></span> <span class='ocrx_word' id='word_1_183' title='bbox 564 3045 714 3112; x_wconf 85' lang='lat' dir='ltr'><strong>volumina</strong></span> <span class='ocrx_word' id='word_1_184' title='bbox 746 3044 812 3110; x_wconf 74' lang='lat' dir='ltr'><strong>Au.</strong></span> <span class='ocrx_word' id='word_1_185' title='bbox 835 3043 888 3109; x_wconf 82' lang='lat' dir='ltr'><strong>SS.</strong></span> <span class='ocrx_word' id='word_1_186' title='bbox 909 3043 1047 3109; x_wconf 86' lang='lat' dir='ltr'><strong>llollertdi</strong></span> <span class='ocrx_word' id='word_1_187' title='bbox 1070 3041 1231 3128; x_wconf 80' lang='lat' dir='ltr'><strong>diligenter</strong></span> <span class='ocrx_word' id='word_1_188' title='bbox 1254 3039 1342 3103; x_wconf 83' lang='lat' dir='ltr'><strong>evol·</strong></span> 
     </span>
     <span class='ocr_line' id='line_1_25' title="bbox 252 3147 1341 3237; baseline 0 -27"><span class='ocrx_word' id='word_1_189' title='bbox 252 3149 360 3228; x_wconf 82' lang='lat' dir='ltr'><strong>vimus,</strong></span> <span class='ocrx_word' id='word_1_190' title='bbox 384 3151 441 3213; x_wconf 74' lang='lat' dir='ltr'><strong>secl</strong></span> <span class='ocrx_word' id='word_1_191' title='bbox 463 3149 579 3218; x_wconf 75' lang='lat' dir='ltr'><strong>tuctus</strong></span> <span class='ocrx_word' id='word_1_192' title='bbox 603 3171 719 3237; x_wconf 87' lang='lat' dir='ltr'><strong>paucos</strong></span> <span class='ocrx_word' id='word_1_193' title='bbox 742 3153 948 3235; x_wconf 70' lang='lat' dir='ltr'><strong>percepimus</strong></span> <span class='ocrx_word' id='word_1_194' title='bbox 981 3151 1133 3216; x_wconf 81' lang='lat' dir='ltr'><strong>llacarius</strong></span> <span class='ocrx_word' id='word_1_195' title='bbox 1155 3147 1341 3214; x_wconf 77' lang='lat' dir='ltr'><strong>Alexandri·-</strong></span> 
     </span>
     <span class='ocr_line' id='line_1_26' title="bbox 252 3251 1341 3347; baseline 0.002 -33"><span class='ocrx_word' id='word_1_196' title='bbox 252 3263 311 3314; x_wconf 85' lang='lat' dir='ltr'><strong>aus</strong></span> <span class='ocrx_word' id='word_1_197' title='bbox 334 3251 365 3320; x_wconf 87' lang='lat' dir='ltr'><strong>iu</strong></span> <span class='ocrx_word' id='word_1_198' title='bbox 388 3255 448 3322; x_wconf 86' lang='lat' dir='ltr'><strong>fine</strong></span> <span class='ocrx_word' id='word_1_199' title='bbox 472 3259 622 3342; x_wconf 84' lang='lat' dir='ltr'><strong>epistolae</strong></span> <span class='ocrx_word' id='word_1_200' title='bbox 649 3261 826 3342; x_wconf 82' lang='lat' dir='ltr'><strong>„Ammonis</strong></span> <span class='ocrx_word' id='word_1_201' title='bbox 850 3261 987 3347; x_wconf 80' lang='lat' dir='ltr'><strong>episcopi</strong></span> <span class='ocrx_word' id='word_1_202' title='bbox 1009 3259 1048 3322; x_wconf 84' lang='lat' dir='ltr'><strong>ad</strong></span> <span class='ocrx_word' id='word_1_203' title='bbox 1064 3256 1260 3341; x_wconf 78' lang='lat' dir='ltr'><strong>Theophilus</strong></span> <span class='ocrx_word' id='word_1_204' title='bbox 1282 3271 1341 3338; x_wconf 58' lang='lat' dir='ltr'><strong>pa*</strong></span> 
     </span>
     <span class='ocr_line' id='line_1_27' title="bbox 250 3358 1340 3451; baseline 0.005 -29"><span class='ocrx_word' id='word_1_205' title='bbox 250 3377 328 3445; x_wconf 82' lang='lat' dir='ltr'><strong>paru¹</strong></span> <span class='ocrx_word' id='word_1_206' title='bbox 341 3358 545 3432; x_wconf 78' lang='lat' dir='ltr'><strong>Alexandriae</strong></span> <span class='ocrx_word' id='word_1_207' title='bbox 568 3369 607 3433; x_wconf 86' lang='lat' dir='ltr'><strong>de</strong></span> <span class='ocrx_word' id='word_1_208' title='bbox 630 3371 866 3435; x_wconf 83' lang='lat' dir='ltr'><strong>couversatione</strong></span> <span class='ocrx_word' id='word_1_209' title='bbox 889 3373 922 3434; x_wconf 86' lang='lat' dir='ltr'><strong>ct</strong></span> <span class='ocrx_word' id='word_1_210' title='bbox 942 3367 1115 3451; x_wconf 84' lang='lat' dir='ltr'><strong>particulari</strong></span> <span class='ocrx_word' id='word_1_211' title='bbox 1137 3369 1199 3430; x_wconf 81' lang='lat' dir='ltr'><strong>alta</strong></span> <span class='ocrx_word' id='word_1_212' title='bbox 1226 3379 1252 3428; x_wconf 84' lang='lat' dir='ltr'><strong>o.</strong></span> <span class='ocrx_word' id='word_1_213' title='bbox 1279 3367 1340 3428; x_wconf 81' lang='grc' dir='ltr'><strong>Ρι-</strong></span> 
     </span>
     <span class='ocr_line' id='line_1_28' title="bbox 252 3458 1372 3554; baseline 0.008 -28"><span class='ocrx_word' id='word_1_214' title='bbox 252 3462 360 3533; x_wconf 87' lang='lat' dir='ltr'><strong>chumii</strong></span> <span class='ocrx_word' id='word_1_215' title='bbox 383 3477 416 3536; x_wconf 88' lang='lat' dir='ltr'><strong>et</strong></span> <span class='ocrx_word' id='word_1_216' title='bbox 438 3469 608 3540; x_wconf 75' lang='lat' dir='ltr'><strong>Theodurl“</strong></span> <span class='ocrx_word' id='word_1_217' title='bbox 634 3482 831 3554; x_wconf 84' lang='lat' dir='ltr'><strong>memoratur,</strong></span> <span class='ocrx_word' id='word_1_218' title='bbox 855 3475 906 3539; x_wconf 86' lang='lat' dir='ltr'><strong>uhi</strong></span> <span class='ocrx_word' id='word_1_219' title='bbox 929 3488 997 3542; x_wconf 84' lang='lat' dir='ltr'><strong>curo</strong></span> <span class='ocrx_word' id='word_1_220' title='bbox 1020 3475 1114 3540; x_wconf 88' lang='lat' dir='ltr'><strong>heato</strong></span> <span class='ocrx_word' id='word_1_221' title='bbox 1137 3474 1217 3551; x_wconf 86' lang='lat' dir='ltr'><strong>Pior,</strong></span> <span class='ocrx_word' id='word_1_222' title='bbox 1240 3468 1340 3533; x_wconf 83' lang='lat' dir='ltr'><strong>helu-</strong></span> <span class='ocrx_word' id='word_1_223' title='bbox 1358 3458 1372 3474; x_wconf 77' lang='grc'><strong>”</strong></span> 
     </span>
     <span class='ocr_line' id='line_1_29' title="bbox 249 3575 1340 3662; baseline 0.005 -26"><span class='ocrx_word' id='word_1_224' title='bbox 249 3575 347 3655; x_wconf 85' lang='lat' dir='ltr'><strong>ricae,</strong></span> <span class='ocrx_word' id='word_1_225' title='bbox 369 3579 531 3646; x_wconf 75' lang='lat' dir='ltr'><strong>Autronio</strong></span> <span class='ocrx_word' id='word_1_226' title='bbox 555 3589 588 3648; x_wconf 87' lang='lat' dir='ltr'><strong>et</strong></span> <span class='ocrx_word' id='word_1_227' title='bbox 603 3583 732 3662; x_wconf 82' lang='lat' dir='ltr'><strong>Isidoro,</strong></span> <span class='ocrx_word' id='word_1_228' title='bbox 755 3582 1018 3650; x_wconf 82' lang='lat' dir='ltr'><strong>Auaehoretarcm</strong></span> <span class='ocrx_word' id='word_1_229' title='bbox 1031 3583 1162 3648; x_wconf 84' lang='lat' dir='ltr'><strong>emulum</strong></span> <span class='ocrx_word' id='word_1_230' title='bbox 1185 3577 1340 3658; x_wconf 81' lang='lat' dir='ltr'><strong>antiquis-</strong></span> 
     </span>
     <span class='ocr_line' id='line_1_30' title="bbox 252 3683 1339 3773; baseline 0.003 -25"><span class='ocrx_word' id='word_1_231' title='bbox 252 3683 341 3766; x_wconf 82' lang='lat' dir='ltr'><strong>simo,</strong></span> <span class='ocrx_word' id='word_1_232' title='bbox 365 3690 455 3752; x_wconf 86' lang='lat' dir='ltr'><strong>etiam</strong></span> <span class='ocrx_word' id='word_1_233' title='bbox 480 3691 590 3754; x_wconf 75' lang='lat' dir='ltr'><strong>leatus</strong></span> <span class='ocrx_word' id='word_1_234' title='bbox 602 3689 818 3757; x_wconf 76' lang='lat' dir='ltr'><strong>Macoriurils</strong></span> <span class='ocrx_word' id='word_1_235' title='bbox 841 3693 1066 3773; x_wconf 83' lang='lat' dir='ltr'><strong>adnurueratur,</strong></span> <span class='ocrx_word' id='word_1_236' title='bbox 1090 3703 1173 3773; x_wconf 79' lang='lat' dir='ltr'><strong>quos</strong></span> <span class='ocrx_word' id='word_1_237' title='bbox 1192 3693 1339 3754; x_wconf 85' lang='lat' dir='ltr'><strong>inruoute</strong></span> 
     </span>
     <span class='ocr_line' id='line_1_31' title="bbox 249 3789 1339 3885; baseline 0.005 -30"><span class='ocrx_word' id='word_1_238' title='bbox 249 3789 365 3856; x_wconf 82' lang='lat' dir='ltr'><strong>Nitriae</strong></span> <span class='ocrx_word' id='word_1_239' title='bbox 388 3794 566 3866; x_wconf 79' lang='lat' dir='ltr'><strong>Arumouius</strong></span> <span class='ocrx_word' id='word_1_240' title='bbox 595 3802 761 3884; x_wconf 83' lang='lat' dir='ltr'><strong>episcopus</strong></span> <span class='ocrx_word' id='word_1_241' title='bbox 784 3799 901 3870; x_wconf 82' lang='lat' dir='ltr'><strong>viderat</strong></span> <span class='ocrx_word' id='word_1_242' title='bbox 933 3807 965 3869; x_wconf 87' lang='lat' dir='ltr'><strong>et</strong></span> <span class='ocrx_word' id='word_1_243' title='bbox 987 3808 1176 3885; x_wconf 79' lang='lat' dir='ltr'><strong>magnopere</strong></span> <span class='ocrx_word' id='word_1_244' title='bbox 1204 3793 1339 3860; x_wconf 68' lang='lat' dir='ltr'><strong>auam-</strong></span> 
     </span>
     <span class='ocr_line' id='line_1_32' title="bbox 247 3897 1338 3990; baseline 0.005 -32"><span class='ocrx_word' id='word_1_245' title='bbox 247 3899 299 3960; x_wconf 84' lang='lat' dir='ltr'><strong>tu&#39;s</strong></span> <span class='ocrx_word' id='word_1_246' title='bbox 322 3897 436 3981; x_wconf 83' lang='lat' dir='ltr'><strong>erat³);</strong></span> <span class='ocrx_word' id='word_1_247' title='bbox 458 3901 620 3968; x_wconf 83' lang='lat' dir='ltr'><strong>hlacrrhuu</strong></span> <span class='ocrx_word' id='word_1_248' title='bbox 643 3907 735 3990; x_wconf 79' lang='lat' dir='ltr'><strong>igitur</strong></span> <span class='ocrx_word' id='word_1_249' title='bbox 752 3902 1241 3990; x_wconf 73' lang='lat' dir='ltr'><strong>Alexandrinumuullgcudum</strong></span> <span class='ocrx_word' id='word_1_250' title='bbox 1264 3903 1338 3968; x_wconf 76' lang='lat' dir='ltr'><strong>asle</strong></span> 
     </span>
     <span class='ocr_line' id='line_1_33' title="bbox 246 4003 1338 4098; baseline 0.009 -38"><span class='ocrx_word' id='word_1_251' title='bbox 246 4003 493 4070; x_wconf 84' lang='lat' dir='ltr'><strong>verishuillirnuru</strong></span> <span class='ocrx_word' id='word_1_252' title='bbox 517 4016 575 4076; x_wconf 87' lang='lat' dir='ltr'><strong>est.</strong></span> <span class='ocrx_word' id='word_1_253' title='bbox 629 4009 795 4078; x_wconf 83' lang='lat' dir='ltr'><strong>Praeterea</strong></span> <span class='ocrx_word' id='word_1_254' title='bbox 821 4013 902 4077; x_wconf 87' lang='lat' dir='ltr'><strong>iuter</strong></span> <span class='ocrx_word' id='word_1_255' title='bbox 921 4011 1065 4098; x_wconf 82' lang='lat' dir='ltr'><strong>reliquias</strong></span> <span class='ocrx_word' id='word_1_256' title='bbox 1099 4009 1254 4076; x_wconf 77' lang='lat' dir='ltr'><strong>ecclesiae</strong></span> <span class='ocrx_word' id='word_1_257' title='bbox 1277 4005 1338 4074; x_wconf 76' lang='lat' dir='ltr'><strong>Se-</strong></span> 
     </span>
    </p>
   </div>
   <div class='ocr_carea' id='block_1_9' title="bbox 245 4145 425 4162">
    <p class='ocr_par' dir='ltr' id='par_1_12' title="bbox 245 4145 425 4162">
     <span class='ocr_line' id='line_1_34' title="bbox 245 4145 425 4162; baseline 0.011 -2"><span class='ocrx_word' id='word_1_258' title='bbox 245 4145 405 4161; x_wconf 52' lang='lat' dir='ltr'><strong>b-w--n--n</strong></span> <span class='ocrx_word' id='word_1_259' title='bbox 420 4156 425 4162; x_wconf 82' lang='grc'>.</span> 
     </span>
    </p>
   </div>
   <div class='ocr_carea' id='block_1_10' title="bbox 264 4245 1334 4502">
    <p class='ocr_par' dir='ltr' id='par_1_13' title="bbox 264 4245 1334 4502">
     <span class='ocr_line' id='line_1_35' title="bbox 266 4245 1334 4336; baseline 0.02 -37"><span class='ocrx_word' id='word_1_260' title='bbox 266 4245 291 4312; x_wconf 84' lang='lat' dir='ltr'><strong>i)</strong></span> <span class='ocrx_word' id='word_1_261' title='bbox 310 4250 426 4304; x_wconf 73' lang='lat' dir='ltr'><strong>sextum</strong></span> <span class='ocrx_word' id='word_1_262' title='bbox 444 4264 577 4320; x_wconf 70' lang='lat' dir='ltr'><strong>grecam</strong></span> <span class='ocrx_word' id='word_1_263' title='bbox 598 4273 613 4309; x_wconf 89' lang='lat' dir='ltr'><strong>e</strong></span> <span class='ocrx_word' id='word_1_264' title='bbox 631 4261 728 4312; x_wconf 82' lang='lat' dir='ltr'><strong>colice</strong></span> <span class='ocrx_word' id='word_1_265' title='bbox 744 4260 914 4328; x_wconf 76' lang='lat' dir='ltr'><strong>descriptum</strong></span> <span class='ocrx_word' id='word_1_266' title='bbox 933 4267 1005 4336; x_wconf 75' lang='lat' dir='ltr'><strong>legis</strong></span> <span class='ocrx_word' id='word_1_267' title='bbox 1025 4267 1103 4319; x_wconf 78' lang='lat' dir='ltr'><strong>intra</strong></span> <span class='ocrx_word' id='word_1_268' title='bbox 1121 4267 1334 4332; x_wconf 73' lang='lat' dir='ltr'><strong>intppenolce.</strong></span> 
     </span>
     <span class='ocr_line' id='line_1_36' title="bbox 265 4331 1264 4424; baseline 0.033 -41"><span class='ocrx_word' id='word_1_269' title='bbox 265 4331 295 4394; x_wconf 69' lang='lat'><strong>2)</strong></span> <span class='ocrx_word' id='word_1_270' title='bbox 315 4333 356 4388; x_wconf 78' lang='lat' dir='ltr'><strong>ol.</strong></span> <span class='ocrx_word' id='word_1_271' title='bbox 376 4339 468 4390; x_wconf 66' lang='lat' dir='ltr'><strong>cucur</strong></span> <span class='ocrx_word' id='word_1_272' title='bbox 487 4345 825 4412; x_wconf 70' lang='lat' dir='ltr'><strong>grteclrleserlp&#39;tlhhem&#39;</strong></span> <span class='ocrx_word' id='word_1_273' title='bbox 843 4333 919 4405; x_wconf 73' lang='lat' dir='ltr'><strong>latre</strong></span> <span class='ocrx_word' id='word_1_274' title='bbox 937 4353 965 4407; x_wconf 84' lang='lat' dir='ltr'><strong>la</strong></span> <span class='ocrx_word' id='word_1_275' title='bbox 986 4350 1157 4424; x_wconf 65' lang='lat' dir='ltr'><strong>Appendice-</strong></span> <span class='ocrx_word' id='word_1_276' title='bbox 1258 4355 1264 4374; x_wconf 78' lang='lat'>¹</span> 
     </span>
     <span class='ocr_line' id='line_1_37' title="bbox 264 4417 1263 4502; baseline 0.024 -31"><span class='ocrx_word' id='word_1_277' title='bbox 264 4417 730 4488; x_wconf 74' lang='lat' dir='ltr'><strong>arac‚ss.uorr.c.1us1ar.</strong></span> <span class='ocrx_word' id='word_1_278' title='bbox 751 4437 855 4502; x_wconf 61' lang='lat' dir='ltr'><strong>pust.</strong></span> <span class='ocrx_word' id='word_1_279' title='bbox 1046 4436 1050 4444; x_wconf 91' lang='grc'><em>·</em></span> <span class='ocrx_word' id='word_1_280' title='bbox 1131 4430 1144 4450; x_wconf 81' lang='grc'><em>”</em></span> <span class='ocrx_word' id='word_1_281' title='bbox 1255 4429 1263 4443; x_wconf 83' lang='grc'><strong><em>’</em></strong></span> 
     </span>
    </p>
   </div>
   <div class='ocr_carea' id='block_1_11' title="bbox 0 0 1480 4972">
    <p class='ocr_par' dir='ltr' id='par_1_14' title="bbox 0 0 1480 4972">
     <span class='ocr_line' id='line_1_38' title="bbox 0 0 1480 4972; baseline 0 4"><span class='ocrx_word' id='word_1_282' title='bbox 0 0 1480 4972; x_wconf 95' lang='lat' dir='ltr'><strong> </strong></span> 
     </span>
    </p>
   </div>
  </div>
 </body>
</html>
