2990 4986
616 295 859 372 „23-

273 497 397 564 consue
424 515 502 581 ergo
536 497 718 578 scriptorem
752 497 822 561 libri
849 495 976 560 secundi
1003 502 1034 562 et
1064 513 1133 560 eum
1158 495 1288 562 sulam

189 616 321 672 exeunte
343 627 421 672 anno
444 606 510 671 394
526 606 745 690 Hierosolymis
766 607 797 670 in
813 607 985 690 Aegyptum
1006 606 1140 685 venisse,
1162 603 1293 685 Apollo·

187 718 330 799 niumque
352 738 413 782 una
442 737 511 781 cum
539 735 578 782 eo
608 717 759 796 invisisse,
791 725 866 780 ete
898 733 1024 780 numero
1054 734 1109 780 sex
1138 715 1293 780 sociorum

187 827 309 891 Palladii
331 828 437 910 iuisse,
461 829 511 910 qui
532 827 680 892 Joannem
704 827 736 889 in
757 827 839 909 Lyco
861 845 963 890 senem
985 827 1132 890 adierunt.
1177 825 1238 891 Sed
1259 835 1293 891 ut

190 939 247 1004 ista
268 941 488 1021 argumentatio
510 939 590 1003 iusto
612 937 806 1002 bundamento
828 937 950 1016 nitatur,
980 955 1031 1001 res
1061 936 1163 1018 gravis
1194 934 1293 1015 expli-

189 1051 287 1112 canda
308 1059 457 1130 superest.
501 1049 593 1114 blulta
622 1048 705 1110 enim.
731 1048 827 1127 capita
855 1047 926 1110 libri
948 1047 1087 1126 secundi,
1116 1047 1195 1110 inter
1217 1064 1293 1126 quae

191 1167 288 1224 totum
315 1159 389 1224 illud
416 1160 453 1221 de
481 1159 660 1240 Apollonio,
696 1175 791 1239 paene
824 1157 861 1220 ad
889 1157 1018 1221 verbum
1045 1159 1077 1222 in
1106 1157 1181 1222 illst.
1211 1157 1294 1220 Lau-

190 1269 273 1332 siaca
293 1269 449 1333 habentur.
493 1269 579 1332 Unde
599 1269 694 1350 igitur
715 1267 791 1330 baec
812 1267 1029 1331 necessitudo?

207 1447 217 1455 ‚
278 1379 383 1459 Quam,
402 1380 428 1442 si
442 1387 603 1460 utrumque
614 1379 724 1442 librum
738 1386 878 1442 accurate
891 1377 1122 1456 examinaveris,
1136 1377 1294 1442 maximam

190 1503 260 1551 esse
279 1487 426 1552 invenies.
470 1489 547 1552 llam
561 1490 721 1570 quaeillic
734 1490 773 1552 de
795 1490 918 1554 senibus
927 1487 1085 1552 Thebaidis
1108 1495 1139 1550 et
1160 1488 1296 1552 circum-

192 1599 316 1663 iacentis
338 1602 475 1684 regionis
496 1601 652 1684 leguntur,
673 1601 891 1682 cuiusquidem
911 1600 1034 1682 generis
1056 1606 1137 1678 sunt,
1159 1616 1236 1679 quae
1257 1599 1296 1662 dc

191 1709 308 1772 111111
327 1711 463 1794 inbyco,
483 1711 591 1774 abbate
602 1711 675 1790 ben,
697 1710 818 1774 civitate
835 1709 1029 1792 Oxyryncho,
1052 1707 1296 1788 Theone,Apol-

191 1818 284 1898 lonio,
308 1816 447 1897 Goprete,
471 1836 510 1880 ex
532 1836 587 1881 ore
608 1817 746 1900 Gopretis
768 1819 807 1883 de
828 1821 1043 1900 Patermutbio,
1077 1820 1185 1882 abbate
1207 1817 1296 1900 Syro,

192 1929 270 1992 isaia
291 1935 322 1990 et
342 1927 446 2006 Paulo,
468 1927 506 1990 de
527 1929 711 2011 Pitbyrione‚
732 1930 873 2012 Eulogio,
895 1929 1013 2010 Apelle,
1043 1947 1083 1992 ex
1104 1947 1159 1992 ore
1180 1927 1296 2010 Apellis

195 2036 234 2100 de
248 2037 365 2102 loanne
379 2037 517 2118 quodam,
539 2037 668 2119 denique
690 2039 728 2102 de
746 2040 911 2121 Paphnutio
933 2039 1119 2120 referuntur,
1140 2059 1177 2103 ea
1198 2039 1296 2103 omnia

190 2155 250 2218 tam
268 2157 407 2212 accurate
419 2149 493 2212 Hist.
506 2149 649 2214 Lausiaca
664 2152 866 2232 continemur,
888 2160 922 2215 ut
933 2150 999 2214 fere
1014 2150 1107 2231 nulla,
1134 2151 1193 2214 nisi
1212 2148 1297 2212 latini
1335 2236 1336 2240 Ἰ

189 2267 221 2322 et
231 2259 334 2340 graeci
349 2259 498 2324 idiomatis
509 2259 678 2325 differentia
698 2272 848 2342 appareat.
871 2262 990 2344 Reliqui
1011 2270 1110 2325 autem
1131 2269 1196 2324 tres
1207 2273 1297 2322 senes

189 2387 209 2431 e
231 2369 358 2452 regione
379 2369 548 2448 Thebaidis,
570 2388 701 2450 quorum
721 2372 798 2436 liber
819 2373 971 2436 secundus
1001 2366 1184 2434 mentionem
1213 2368 1296 2449 facit,

190 2477 251 2542 duo
263 2478 428 2543 Ammodes
446 2479 571 2558 scilicet,
594 2481 632 2542 de
646 2481 754 2562 quibus
768 2500 832 2562 cap.
848 2482 888 2544 lV
900 2492 931 2547 et
948 2501 1013 2562 cep.
1027 2479 1096 2543 Vlll
1107 2487 1242 2557 narrant,
1265 2486 1297 2542 et

190 2590 283 2669 Elias,
311 2591 343 2652 in
363 2591 508 2652 Lausiaca
528 2590 615 2668 plane
637 2591 824 2655 omittuntur.
868 2591 923 2654 llla
943 2610 1019 2654 vero
1042 2609 1120 2670 quae
1141 2591 1179 2652 de
1199 2590 1297 2654 Nitria

193 2701 283 2779 eique
305 2697 483 2778 confinibus,
505 2716 634 2778 quorum
656 2717 674 2762 e
695 2711 904 2764 numerosum
925 2701 1058 2764 narratio
1075 2700 1112 2762 de
1125 2699 1296 2780 Ammonio,

192 2808 338 2890 Euagrio,
360 2807 482 2887 Cronio,
504 2809 543 2872 de
564 2809 713 2889 Macariis,
736 2810 773 2874 de
793 2809 943 2875 Ammone
970 2791 1066 2891 primo
1086 2809 1202 2873 Nitriae
1225 2828 1297 2874 mo-

191 2921 298 2998 nacho,
328 2919 366 2982 de
395 2919 487 2982 Paulo
519 2919 671 3000 simplice,
704 2921 769 3001 ipsc
801 2939 921 3003 quoque
954 2921 1088 3004 regionis
1121 2920 1299 3001 descriptio,

192 3046 296 3110 porro,
317 3047 394 3110 quae
415 3030 454 3094 de
483 3031 606 3095 senibus
627 3030 841 3113 Alexandriae,
872 3051 931 3114 quo
960 3033 1091 3113 pertinet
1118 3031 1224 3094 relatio
1257 3029 1296 3094 de

192 3137 310 3202 Isidoro
331 3147 363 3204 et
383 3139 421 3202 de
441 3140 580 3223 Didymo,
601 3141 633 3204 in
653 3142 733 3204 libro
754 3143 888 3208 secundo
911 3151 1024 3221 extant,
1046 3160 1082 3204 11
1102 3140 1181 3230 apud
1197 3137 1296 3204 Palla-

194 3249 277 3312 dium
298 3250 390 3333 longe
412 3251 499 3316 aliter
520 3261 552 3316 et
574 3253 667 3317 multo
682 3253 807 3318 uberius
829 3254 1049 3316 describuntur.
1072 3253 1155 3316 Idem
1177 3251 1215 3314 de
1237 3250 1296 3314 Se-

194 3361 319 3441 rapione
338 3360 472 3442 regionis
494 3361 666 3426 Arsenoitis
692 3361 785 3439 valet3
814 3363 852 3425 de
874 3363 1114 3444 Origenetvcro
1144 3361 1296 3427 1111111-

192 3489 284 3536 mone
305 3469 451 3534 Palladius
473 3471 545 3534 nibil
566 3471 665 3537 tradit
709 3472 755 3536 De
784 3473 889 3538 abbate
911 3471 954 3534 Or
975 3473 1126 3552 quomodo
1156 3481 1295 3536 auctores

191 3583 274 3647 inter
305 3600 340 3647 se
367 3581 524 3662 different,
555 3580 634 3645 iufra
661 3589 841 3662 exponetur.
888 3581 1035 3664 Epilogus
1064 3583 1205 3664 denique,
1234 3599 1295 3662 quo

193 3692 271 3756 liber
300 3692 451 3756 secundus
477 3691 567 3756 finem
589 3691 707 3756 itineris
729 3690 908 3776 Aegyptiaci
928 3700 1042 3773 narrat,
1061 3711 1122 3758 non
1143 3693 1242 3757 minus
1264 3693 1296 3756 in

194 3801 339 3865 Lausiaca
359 3803 520 3884 reperitur.

280 3913 327 3977 En
349 3911 613 3992 necessitudinem,
641 3929 719 3994 quae
739 3912 820 3978 inter
840 3912 951 3976 librum
972 3911 1137 3977 secundum
1165 3917 1197 3974 et
1219 3907 1294 3980 illst.

193 4023 378 4108 Lausiecam,
406 4044 495 4108 quem
522 4023 642 4089 codices
664 4023 913 4090 vindobonenses
943 4025 1096 4104 exhibent,
1125 4021 1295 4087 intercedit.

194 4135 249 4200 llis
276 4137 355 4200 enim
382 4137 548 4218 genuinum
582 4134 748 4200 Lausiacae
775 4141 890 4200 textum
916 4133 1067 4198 contineri
1105 4149 1197 4214 supra
1225 4149 1294 4196 mo-

195 4244 324 4310 nuimus.
380 4245 440 4311 Sed
468 4245 548 4310 unde
581 4246 647 4312 talis
674 4244 867 4310 necessitudo
893 4243 1039 4308 librorum
1067 4243 1211 4324 istorum,
1244 4243 1294 4322 qui
