2974 4964
648 309 892 386 ..34-

305 513 501 580 Difficultates
522 521 622 578 autem
644 511 825 594 expediendi
853 511 927 576 broc
955 520 1050 577 restat
1075 515 1134 576 via.
1179 511 1319 580 Socrates

220 625 317 690 refert
330 633 366 706 ι),
389 625 551 690 Palladium
574 625 748 708 episcopum
770 623 946 705 Helenopoli
966 625 1120 706 Aspunam
1143 623 1318 690 translatum

220 757 299 804 csse.
349 738 437 820 Quid,
460 737 487 802 si
507 735 538 799 id
550 735 598 798 ud
627 733 788 798 Palladium
809 735 983 816 episcopum
1005 734 1116 819 dialogi
1136 737 1317 817 scriptorem

219 849 376 930 pertineat,
399 864 434 911 ac
452 846 551 928 paullo
573 853 642 926 post
662 845 809 928 synodum
819 846 998 926 Ephesinam
1011 864 1089 910 anno
1100 845 1161 908 401
1186 847 1315 912 habitam

136 936 141 948 ¹
217 959 328 1025 lactum
359 960 409 1039 sit,
441 957 590 1022 Palladius
611 971 687 1018 vcro
708 956 869 1020 bausiacae
891 958 1023 1037 scriptor
1052 959 1110 1022 hoc
1138 959 1205 1039 ipso
1235 977 1315 1023 anno

216 1073 247 1132 in
270 1071 335 1134 eius
357 1071 457 1134 locum
480 1069 520 1134 sit
540 1067 710 1133 suffectus?

300 1179 402 1260 Atque
423 1197 488 1242 rem
510 1179 552 1240 ita
572 1195 606 1240 se
628 1176 741 1240 habere
751 1176 889 1260 dialogus
902 1175 953 1240 ille
967 1178 1186 1259 quodammodo
1205 1188 1313 1244 osten-

215 1290 267 1358 dit.
311 1289 402 1354 Cuius
432 1289 562 1370 scriptor
591 1288 697 1350 Photio
727 1297 758 1352 ot
786 1286 919 1372 Georgic
948 1289 1154 1354 Alexandrino
1184 1291 1311 1354 testibus

213 1411 260 1466 ost
282 1397 455 1462 Palladius
477 1397 646 1478 episcopos
656 1403 693 1480 ²),
704 1399 747 1489 ,in
768 1400 923 1464 codicibus
949 1397 1118 1464 Palladius
1141 1400 1311 1480 epucopm

212 1507 507 1608 Helenopolituuos,
528 1507 570 1572 ub
592 1507 670 1572 uit‘is
697 1507 794 1571 etium
821 1509 992 1589 episcopus
1014 1507 1214 1589 Asponcnsa's
1236 1509 1309 1574 dic-

211 1626 314 1698 tw).
358 1621 387 1683 ls
408 1621 503 1703 igitur
524 1621 555 1683 in
576 1620 696 1703 dialogo
718 1639 753 1685 se
774 1621 897 1686 Romam
918 1623 1047 1703 primum
1062 1693 1066 1701 ¹
1080 1623 1237 1701 venisset)
1266 1624 1309 1687 ait

212 1735 363 1815 aliquanto
385 1743 455 1816 post
464 1735 625 1798 Palladium
640 1735 915 1816 Helenopolitanum
938 1737 1122 1818 episcopum,
1144 1755 1232 1817 quem
1251 1737 1307 1798 sub

210 1846 388 1910 Innocentio
409 1845 487 1926 Papa
508 1845 539 1908 bi
566 1843 661 1908 luisse
682 1846 721 1908 ob
744 1863 864 1910 causam
885 1846 915 1910 S.
943 1847 1186 1929 Chrysostomv)
1217 1855 1248 1909 et
1268 1863 1306 1908 oo

210 1969 359 2039 temporo,
380 1973 439 2040 quo
461 1957 598 2040 dialogus
620 1957 795 2037 instituitur,
818 1959 895 2040 apud
916 1957 1084 2040 blemmyos
1111 1959 1143 2020 in
1165 1957 1306 2040 Aegypto

207 2070 372 2148 dctineri⁶)
395 2068 508 2131 scribit.
553 2066 648 2129 Porro
671 2069 801 2149 scriptor
822 2069 932 2151 dialogi
956 2069 1144 2132 a'lheodoro
1166 2069 1305 2148 diacone,

205 2199 337 2262 quocum
358 2179 445 2243 illum
466 2197 637 2244 sermonem
660 2181 824 2260 conseruit,
847 2200 937 2262 saepe
958 2199 1014 2262 per
1036 2199 1128 2244 canos
1160 2199 1243 2260 suos,
1271 2189 1305 2243 ut

204 2310 312 2356 verum
335 2291 423 2370 dicat,
445 2309 540 2354 senex
562 2292 787 2370 obsecratur⁷)‚
817 2293 900 2373 quod
927 2293 992 2357 sinc
1019 2293 1110 2356 dubio
1144 2292 1175 2354 in
1204 2292 1304 2355 Palla-

202 2401 284 2466 dium
315 2385 477 2466 Lausiacne
506 2403 695 2485 scriptorem,
728 2404 779 2484 qui
801 2413 876 2468 'turn
904 2405 957 2468 vix
985 2421 1079 2467 anuos
1105 2403 1301 2486 orradraginta

200 2523 288 2578 natus
310 2521 386 2593 erat,
408 2513 518 2575 cadere
539 2531 599 2576 non
622 2523 729 2594 potest.
774 2515 859 2578 Unde
880 2515 960 2580 inter
981 2515 1057 2600 duos
1080 2514 1158 2578 illius
1179 2517 1297 2592 tempo-

200 2625 245 2688 ris
266 2625 412 2688 Palladios
435 2624 628 2706 Helenopolis
650 2627 810 2707 episcopos
832 2625 1075 2708 distinguendum
1097 2641 1164 2688 esso
1184 2625 1299 2704 proba-

201 2735 262 2800 bile
283 2741 379 2814 est.⁸)
423 2737 511 2812 Quod
543 2739 569 2800 si
590 2745 718 2816 constat,
754 2737 956 2801 difficultatem
979 2737 1038 2815 illa,
1058 2753 1135 2818 quae
1156 2736 1298 2800 testimo·

97 2905 99 2910 .
200 2847 252 2909 nio
273 2845 407 2910 Socratis
429 2847 543 2927 nititur,
566 2849 740 2912 coniectura
762 2849 872 2928 optimc
894 2848 972 2912 solvi
992 2849 1087 2914 vides.

227 3047 257 3112 1)
278 3045 351 3101 Scor.
370 3044 429 3101 bist.
450 3044 514 3102 eccl.
531 3043 590 3110 Vll,
610 3045 649 3099 36
668 3046 710 3102 ed.
730 3046 749 3098 l.
767 3061 794 3113 p.
815 3047 880 3105 ³81.

226 3135 258 3198 2)
276 3131 316 3189 Gl.
335 3149 412 3200 supra
432 3149 458 3200 p.
478 3135 524 3191 81.

224 3223 254 3293 3)
274 3222 383 3278 Emeric.
402 3221 488 3290 Bigot.
511 3221 544 3274 da
556 3221 672 3274 Palladio
687 3226 811 3292 episcopo
832 3225 1050 3292 Helenopolituuc
1072 3225 1157 3280 Praei.
1179 3227 1206 3279 in
1226 3225 1295 3278 Bibl.

275 3310 340 3367 Gall.
360 3311 377 3368 l.
397 3311 414 3368 l.
435 3311 538 3382 Proleg.
558 3327 584 3379 p.
604 3312 683 3370 xxti.

224 3398 255 3466 4)
275 3399 337 3467 Gap.
362 3404 386 3464 1,
408 3401 472 3458 Gall.
492 3401 561 3454 Bibl.
585 3401 603 3454 l.
624 3401 643 3455 l.
665 3418 690 3470 p.
712 3403 776 3460 261.

222 3493 254 3556 5)
276 3489 337 3558 Gap.
358 3492 386 3554 3,
406 3491 469 3548 ibid.
490 3507 515 3558 p.
532 3491 598 3550 26⁷.

223 3581 254 3648 b)
276 3579 338 3648 Cap.
359 3581 406 3645 20,
425 3580 489 3637 ibid.
509 3597 535 3648 p.
549 3580 615 3635 320.

224 3675 255 3732 7)
276 3669 338 3737 Gap.
359 3668 387 3734 t,
408 3669 473 3722 ibid.
495 3685 521 3737 p.
543 3671 608 3724 270.
632 3671 697 3724 2⁷1.
720 3677 747 3722 ct
765 3670 861 3736 passim
881 3683 928 3736 per
948 3667 1086 3738 dialogum.

174 3827 177 3836 Ι
221 3762 251 3828 8)
271 3761 302 3814 ld
323 3757 451 3830 Georgius
471 3758 662 3813 Alexandrinus
683 3766 710 3810 et
730 3757 838 3810 Plotius
859 3760 973 3810 sensisse
992 3759 1121 3822 videntur,
1142 3759 1185 3827 qui
1207 3761 1292 3826 scrip-

270 3861 353 3904 torem
373 3849 470 3918 dialogi
490 3849 641 3916 simpliciter
661 3847 813 3902 Palladium
833 3851 981 3918 episcopum
1001 3849 1096 3904 dicunt.
1135 3849 1291 3902 Acl’lnotius

270 3939 413 3992 Palladium
433 3940 583 4006 episcopum
605 3937 849 4004 Helenopolitunum
871 3945 946 3988 nrtoa
966 3937 1045 4003 (bibl.
1065 3953 1098 3989 ex
1113 3938 1290 3996 recileklreri

269 4044 295 4096 p.
318 4029 363 4092 18,
382 4027 408 4084 b.
430 4028 480 4096 20)
500 4027 661 4080 laudaverat.
703 4025 844 4078 Palladium
863 4029 1013 4093 episcopum
1031 4043 1087 4078 cum
1107 4028 1190 4080 tribus
1211 4008 1307 4080 sociis

270 4119 400 4182 episcopia
412 4114 597 4182 chrysostomo
617 4115 694 4183 pulso
713 4115 819 4168 Mmam
831 4117 937 4170 venisse
949 4115 1114 4168 innocentius
1130 4117 1201 4184 Papa
1219 4117 1289 4169 dlero

270 4201 827 4272 Constantinopolitanaeecclosiaesoripsit.
841 4203 907 4272 0pp.
917 4203 1049 4271 Gbrgsort.
1058 4205 1290 4266 odilontafalcon.

269 4289 297 4348 T.
316 4289 354 4344 lll
362 4307 387 4358 p.
398 4294 443 4348 25.
463 4293 580 4348 Eundem
600 4301 688 4362 proter
707 4309 737 4346 sc
756 4301 899 4363 etprcpter
916 4295 1052 4350 ecclesiam
1071 4297 1199 4350 aerumnis
1220 4293 1290 4347 allici
