2952 4972
744 201 796 268 ο.

641 423 695 436 -
755 383 825 467 ili
886 420 931 436 -

240 597 303 686 Sed
326 615 394 684 epm
419 563 479 661 «ab.
496 596 534 661 lis
558 587 587 658 io
613 595 735 659 nomine
759 593 878 667 Domini
910 593 981 658 oleo
1008 593 1120 660 luisset
1145 603 1333 680 ,personnis
1454 593 1455 598 ’

241 703 345 770 statim
369 701 565 766 confirmatae
589 705 661 765 suot
683 697 805 782 plantae
829 701 916 764 eins·
958 699 997 764 m
1019 699 1190 790 dicentibus
1213 705 1268 768 iis:
1301 705 1333 766 ln

237 812 360 878 nomino
384 810 454 883 lesu
476 807 712 892 dimotionem
735 808 846 872 hocius
870 810 1072 892 persequitur,
1095 829 1205 898 sarge,
1228 819 1262 878 et
1285 819 1333 880 sti

239 919 270 982 in
292 915 417 998 pedibus
441 915 521 991 tuis,
544 918 577 978 et
599 911 665 976 redi
687 913 718 974 in
741 911 861 976 domum
885 918 990 993 mom,
1014 919 1046 980 et
1068 917 1214 980 condono
1237 935 1332 980 exue.

236 1026 358 1108 penset
380 1017 509 1084 exiliens
529 1016 733 1087 benedicebat
754 1018 862 1096 Deum,
886 1018 1066 1100 ostendens,
1085 1020 1240 1104 ornavero
1264 1027 1332 1084 erat

237 1134 269 1197 in
290 1133 328 1196 ‘ds
352 1128 501 1208 Deos“¹i
554 1129 695 1194 Narratio
719 1126 831 1192 deinde
853 1129 940 1192 coeni
963 1127 1042 1197 illias
1065 1127 1195 1194 hominis
1219 1137 1252 1196 ot
1275 1148 1331 1194 co-

237 1240 368 1314 toloram
390 1239 517 1304 leaenae
540 1237 769 1318 spirationibus,
792 1253 869 1316 quas
894 1237 1019 1300 llacnrii
1041 1237 1238 1302 Alexandrini
1265 1242 1331 1302 vir-

236 1356 301 1423 tute
324 1351 421 1416 lentas
444 1351 502 1414 iam
525 1325 711 1426 rtmnmus,'
736 1345 861 1410 liulinns
886 1347 932 1411 sio
955 1348 1069 1430 perpitr
1103 1345 1185 1428 „Sed
1218 1347 1250 1410 in
1284 1345 1331 1410 his

238 1458 379 1532 omnibns
409 1457 521 1534 Lucios
544 1473 607 1520 non
630 1455 765 1534 eminuit,
794 1471 852 1518 neo
874 1453 986 1534 aliquid
1015 1457 1210 1534 reverentiae
1232 1457 1331 1520 virtu·
1454 1461 1455 1544 j

242 1573 307 1634 tam
328 1565 514 1633 mirabilibus
537 1562 667 1644 detalit;
700 1563 773 1644 pain
802 1564 892 1626 immo
926 1561 1011 1644 iulet
1042 1568 1147 1644 patres
1170 1565 1240 1647 ipos
1269 1563 1331 1626 alr-

235 1669 318 1746 lmos
351 1689 489 1756 agrege
523 1687 603 1749 sno,
631 1673 721 1748 immo
755 1667 833 1746 olam
865 1673 993 1749 raptos,
1019 1668 1201 1746 ininsulam
1229 1685 1330 1749 qaan-

234 1776 306 1840 dam
331 1775 466 1860 Aegypti
495 1775 645 1860 paludium
669 1775 844 1858 deportari,
876 1777 908 1841 in
940 1791 999 1856 qna
1022 1783 1246 1858 compererat,
1271 1795 1331 1840 ne-

150 1941 153 1952 .
236 1889 348 1956 marem
368 1893 579 1968 possus-esse
597 1885 812 1963 Christianum,
834 1901 895 1966 ppo
917 1883 1117 1966 perdonari
1141 1885 1331 1966 abstinero-

234 1992 326 2065 lotiis.
344 1993 394 2057 vel
416 1992 717 2074 aispaeoonsnotis
746 1990 866 2056 actibus
899 1979 1046 2060 virerent„
1087 1989 1204 2072 ¹Sanos
1239 1991 1332 2074 igitur

233 2116 302 2167 enm
325 2097 444 2178 dpolrus
470 2097 554 2170 solis.
580 2095 755 2178 pedisequis
781 2102 876 2163 oootn
890 2094 944 2167 ad
963 2094 1100 2184 ,insulam
1123 2093 1330 2171 deducantur,

234 2206 266 2268 in
289 2220 348 2282 qna
371 2211 440 2268 erat
460 2201 604 2286 templum
621 2202 776 2288 ,quoddam
796 2220 915 2270 sunrmo
937 2203 1137 2286 veneratione
1160 2201 1257 2272 aloci
1275 2205 1329 2268 in-

235 2311 313 2385 ,oolis
348 2313 553 2378 observatam.
610 2310 745 2394 Cumque
782 2311 909 2394 primum
937 2309 1076 2388 uaricula
1106 2327 1217 2377 senam
1244 2327 1329 2392 oram

236 2415 297 2496 soli
328 2415 417 2482 illios·
432 2418 636 2502 opndgiesot,
670 2435 762 2497 ecee,
785 2417 887 2504 sabito
914 2417 1085 2483 sacerdotis
1120 2416 1226 2500 templi
1249 2417 1330 2483 illius

233 2528 320 2610 virgo
343 2525 403 2590 lilia
426 2529 567 2607 eorrepto
590 2525 700 2608 spirita
732 2543 800 2588 euin
822 2526 942 2610 ingenti
962 2523 1195 2600 vociteratione,
1207 2530 1240 2588 et
1262 2521 1330 2587 oln-

233 2635 367 2701 moribns
390 2651 489 2715 usque
513 2633 551 2696 ad
573 2633 693 2696 coelum
716 2632 795 2710 datis
812 2634 862 2718 agi
884 2631 1082 2714 permedids
1104 2631 1234 2714 populos
1249 2648 1331 2694 eoe-

233 2846 303 2910 bida
326 2866 379 2910 orn
392 2849 523 2912 vibrare.
557 2849 692 2928 Cumque
715 2847 755 2930 ad
776 2845 1062 2930 speptaonlumtam
1085 2847 1219 2930 ingentis
1236 2861 1331 2911 mon-

234 2953 302 3033 stri,
325 2956 454 3020 mordme
478 2953 560 3033 quod
583 2960 671 3018 esset
682 2953 854 3018 sacerdotis
877 2952 948 3032 lilia,
972 2955 1023 3032 qui
1045 2955 1076 3016 in
1090 2951 1209 3016 honore
1233 2967 1331 3036 praee

234 3064 323 3143 oipno
346 3063 425 3144 apod
447 3062 517 3126 illos
542 3069 623 3142 erat,
659 3063 764 3146 populi
786 3063 1024 3148 convenissent,
1058 3079 1116 3143 per
1144 3077 1236 3126 noras
1260 3077 1328 3125 enm

232 3171 351 3246 raptam
374 3174 543 3250 sequentes
567 3171 748 3252 perveniunt
770 3187 869 3252 usqne
891 3168 930 3232 nd
952 3168 1120 3232 naviculam
1145 3185 1264 3232 senum.
1286 3165 1332 3228 lbi

234 3291 310 3336 vero
334 3276 475 3354 proiecta
507 3293 612 3340 eornm
638 3275 765 3358 pedibus
801 3281 833 3342 et
855 3280 1015 3358 prostrata
1042 3271 1175 3340 camara
1208 3273 1327 3354 coepit:

233 3377 553 3462 spernendae,
578 3401 596 3446 o
619 3385 701 3448 servi
723 3385 781 3448 Dei
803 3383 925 3462 summi,
959 3383 1180 3464 antiquis-nos
1204 3387 1239 3453 nt
1272 3401 1332 3446 ve-

234 3493 370 3556 ternosis
387 3491 536 3556 evolvere
558 3493 717 3558 domiciliis
730 3492 752 3554 p,
793 3492 827 3556 ln
849 3491 909 3557 hoo
939 3489 1009 3554 looo
1042 3489 1161 3574 depulsi
1193 3489 1332 3571 undique

233 3592 409 3665 latebamus.
456 3601 614 3676 Quomodo
637 3621 695 3678 vos
719 3617 910 3689 nonunquam
933 3599 1031 3666 latere
1053 3603 1236 3683 potuimusn
1263 3601 1331 3668 Ce-

231 3703 329 3769 dimos
345 3708 482 3788 antiquis
510 3708 650 3787 eodinus,
683 3707 817 3788 popalos
840 3713 967 3780 vestros
996 3714 1159 3790 terrasque
1188 3710 1331 3796 reeipito.

231 3807 305 3875 Cam
327 3809 573 3892 praediceret,
607 3815 776 3895 increpitus,
796 3814 836 3878 ab
872 3815 909 3892 iis
928 3816 1053 3892 ¹erroris
1074 3815 1214 3898 spiritus
1244 3815 1331 3881 elfn-

231 3920 339 3996 gatnr‚
374 3923 408 3994 et
426 3917 530 4003 ¹puello
557 3937 638 3992 vsana
659 3939 733 3988 ana·
754 3939 823 3998 corn
841 3919 1029 4000 parentibus
1052 3901 1118 3994 spis
1141 3921 1266 3994 iacebat
1282 3921 1330 3986 sd

236 4023 330 4102 pedes
366 4029 646 4109 nostri‘temporis
680 4029 899 4108 apostolorum.
956 4031 1014 4104 Qui
1043 4029 1154 4094 talibus
1191 4031 1330 4095 exordiis

232 4132 444 4212 praedicantes
477 4117 514 4198 iis
538 4133 626 4196 iidem
650 4132 769 4196 Domini
792 4135 985 4200 nostri‘lesa
1009 4137 1132 4217 Christi,
1156 4141 1186 4201 in
1212 4119 1330 4204 tantam

233 4237 467 4298 conversionem
499 4246 626 4318 reponte
652 4228 706 4304 nos
730 4239 956 4332 perduxerunt,
991 4245 1151 4310 utstatim
1187 4247 1329 4334 manibus

230 4320 471 4338 Μ

256 4350 281 4412 ι)
302 4350 369 4406 roro.
389 4355 437 4417 ιι,
458 4352 473 4407 a
494 4367 519 4418 p.
539 4352 600 4407 arn.

233 2741 289 2820 pn,
311 2748 344 2806 st
366 2741 493 2806 crebros
517 2739 633 2804 duoens
656 2745 788 2819 rotatus
811 2737 947 2808 stridens
972 2737 1031 2801 lrun
1054 2742 1146 2818 atque
1166 2735 1251 2814 illan,
1275 2753 1331 2800 ro·
