2990 4986
687 399 934 471 ..16-

263 595 386 658 latinum
408 612 579 660 sermonem
601 595 761 674 transtulit,
784 614 871 676 quam
895 598 1065 662 versionem
1086 597 1144 660 iam
1159 595 1362 678 Hieronymus

263 706 342 767 bene
364 707 516 788 cognovit.
558 701 708 768 Graecum
730 714 829 770 autem
857 706 1010 785 exemplar
1042 707 1072 768 in
1101 707 1244 770 Lausiaca
1280 684 1360 772 scri-

262 816 371 894 benda,
393 825 426 880 ut
448 816 571 896 patebit,
592 815 657 895 ipse
679 815 827 880 Palladius
850 816 989 882 adhibuit
1033 816 1079 880 Ex
1101 817 1209 897 quibus
1238 817 1362 899 colligi-

261 936 321 1005 tur,
349 943 394 1004 ea,
424 944 501 1006 quae
526 927 558 988 in
587 926 675 991 editis
697 926 772 988 llist.
801 927 963 990 Lausiacae
991 927 1211 1009 exemplaribus
1240 936 1362 1008 praeter

259 1035 347 1112 illud,
376 1037 457 1116 quod
486 1037 583 1100 codex
604 1036 845 1101 vindobonensis
867 1037 1076 1117 suppeditabit,
1109 1038 1312 1118 reperiantur,
1343 1055 1362 1100 e

259 1146 341 1209 fonte
362 1149 433 1210 satis
456 1148 578 1228 antiquo
600 1147 734 1227 fluxisse,
756 1156 787 1210 et
809 1147 973 1210 observatu
995 1145 1171 1229 dignissima
1192 1164 1270 1214 esse.
1315 1148 1362 1210 De

258 1255 403 1338 singulari
424 1275 500 1319 vero
523 1258 753 1336 necessitudine,
776 1275 853 1338 quae
874 1258 953 1321 inter
974 1258 1065 1321 istum
1085 1256 1253 1321 Heraclidis
1266 1274 1363 1336 para-

259 1363 370 1446 disum,
393 1367 472 1429 hunc
494 1368 604 1431 librum
627 1369 792 1432 secundum
815 1377 846 1432 et
868 1369 944 1432 Hist.
966 1368 1139 1434 hausiacam
1161 1367 1283 1430 Palladii
1311 1369 1364 1433 in-

188 1547 192 1558 ,
257 1477 416 1539 tercedere
439 1479 570 1558 videtur,
593 1477 785 1543 disseremus.

341 1587 374 1666 9.
398 1588 427 1650 6.
472 1589 619 1668 Expedita
646 1591 702 1654 hac
730 1590 906 1654 difficultate
941 1590 978 1653 ad
1006 1607 1115 1654 novam
1151 1589 1232 1652 haud
1259 1589 1362 1652 minus

256 1699 474 1762 incommodam
496 1701 677 1780 accedimus,
700 1717 788 1781 quarn
811 1701 897 1765 affert
917 1701 1049 1764 Rufinus.
1094 1700 1123 1764 Is
1145 1700 1201 1764 sub
1223 1697 1361 1761 Valentis

255 1807 393 1888 imperio,
416 1827 508 1890 quum
529 1811 694 1874 Athanasio
716 1819 835 1874 mortuo
857 1811 967 1874 Lucius
979 1810 1045 1874 Arii
1067 1817 1199 1873 sectator
1221 1808 1252 1870 in
1273 1809 1361 1888 epis-

255 1927 393 1998 copatum
413 1919 615 1984 Alexandriae
638 1939 692 2001 per
714 1920 893 1998 fenestram,
915 1927 950 1982 ut
971 1921 1083 1999 dicunt,
1118 1937 1152 1982 se
1173 1918 1359 1996 intrusisset,

254 2045 403 2090 unacum
435 2031 558 2094 senibus
580 2032 611 2092 in
634 2031 755 2094 deserto
777 2031 899 2092 vivebat
928 2030 1069 2110 dirasque
1089 2029 1174 2092 Lucii
1205 2045 1359 2108 persecu-

253 2137 351 2202 tiones
381 2142 558 2206 sustrnebat.
614 2141 690 2202 Nam
720 2141 793 2206 istas
825 2142 929 2203 turbas
965 2140 1143 2203 describens
1169 2139 1248 2219 ipse:
1284 2155 1358 2218 ,per

252 2247 341 2326 idem,
371 2249 475 2330 inquit,
506 2260 624 2329 tempus
646 2258 747 2329 patres
770 2249 982 2312 monachorum
1005 2250 1084 2314 vitae
1111 2259 1141 2314 et
1171 2249 1357 2328 antiquitatis
1435 2331 1440 2338 Δ

251 2359 360 2421 merito
373 2359 531 2422 blacarius
554 2365 585 2420 et
607 2354 742 2421 isidorus
765 2367 796 2422 et
817 2359 953 2437 Pamhus,
974 2358 1099 2422 Antonii
1121 2357 1277 2438 discipuli,
1301 2375 1359 2438 per

251 2439 429 2550 Aegyplffl
448 2477 479 2531 et
508 2467 635 2530 maxime
664 2467 694 2528 in
715 2466 829 2530 Nitriae
859 2466 971 2530 deserti
999 2467 1132 2546 partibus
1165 2467 1358 2530 habebantur

251 2578 321 2655 viri,
344 2579 394 2658 qui
416 2579 603 2640 consortium
625 2577 704 2640 vitae
726 2585 756 2638 et
777 2584 898 2639 actuum
928 2595 990 2640 non
1011 2595 1079 2638 cum
1101 2576 1211 2640 ceteris
1233 2582 1355 2640 morta-

248 2687 339 2766 libus,
363 2689 416 2750 sed
449 2705 518 2749 cum
551 2687 690 2766 supernis
722 2686 838 2768 angelis
873 2686 984 2747 habere
1017 2686 1219 2748 credebantur
1226 2705 1235 2760 ;
1270 2701 1355 2766 qnae

247 2811 404 2872 praesens
425 2794 509 2875 uitii,
546 2795 665 2877 loquor,
694 2801 727 2856 et
759 2813 868 2856 coram
894 2801 989 2876 peste
1009 2791 1127 2877 refero,
1160 2811 1296 2876 qnorum
1319 2794 1355 2856 a'n

247 2901 455 2982 passionibus
488 2903 598 2965 socios
630 2921 703 2964 esce
734 2901 916 2980 promeae&
935 2903 976 2988 ¹).
1028 2905 1152 2968 Rufinus
1184 2904 1354 2968 Athanasio

248 3015 410 3092 superstite
442 3015 474 3075 in
503 3013 676 3094 Aegyptum
708 3013 829 3076 venisse
865 3014 1000 3089 videtum
1033 3015 1143 3076 etenim
1175 3013 1349 3094 blelaniam,

247 3123 335 3184 euius
357 3123 481 3184 Rufinus
502 3124 534 3183 in
562 3123 671 3184 itinere
692 3139 792 3185 eomes
823 3123 891 3202 hait,
924 3123 1104 3186 Athanasius
1133 3124 1222 3185 ovina
1255 3123 1351 3204 pelle,

246 3249 335 3311 quam
357 3233 421 3312 ipse
443 3233 603 3296 aMacario
626 3233 730 3296 abbate
747 3233 826 3296 dono
849 3242 1015 3313 acceperat,
1037 3233 1161 3296 donavit
1175 3231 1219 3316 ²).
1242 3233 1351 3313 Atque

275 3465 304 3534 1)
326 3465 381 3517 Lib.
403 3471 426 3517 Χ
445 3482 502 3532 οορ.
523 3463 550 3519 4.
591 3466 677 3522 Aucti.
698 3466 763 3522 bist.
783 3465 935 3522 Ecclesiast.
966 3464 1046 3516 Basil.
1072 3462 1282 3532 antipate.

274 3551 303 3622 2)
325 3553 419 3605 Textua
440 3555 547 3607 hleursii
567 3571 599 3606 eo
620 3555 690 3616 loco,
712 3569 763 3621 quo
784 3553 817 3604 de
834 3553 883 3604 hac
902 3553 971 3618 pelle
991 3561 1117 3616 narratur,
1138 3565 1278 3622 corruptus
1300 3567 1353 3616 est.

326 3640 432 3708 Legitur
451 3645 532 3694 enim:
557 3639 688 3700 ‚‚Kw'dcov
708 3640 846 3708 προβάτου
864 3639 986 3710 μεγάλου
1005 3641 1117 3710 ἤνεγκεν
1138 3642 1165 3706 (ἡ
1186 3643 1296 3713 υίαινα)
1314 3650 1354 3716 τῷ

320 3728 388 3797 ἁγίῳ
408 3733 453 3781 καί
471 3733 598 3801 μακαρίῳ
620 3731 761 3794 Μακαρίῳ,
782 3721 852 3795 ὅπερ
880 3725 982 3778 κώδιον
1006 3716 1083 3785 οὗτος
1109 3730 1124 3781 ὁ
1152 3734 1201 3782 τοῦ
1221 3737 1353 3804 Χριστοῦ

261 3885 264 3896 Ι
318 3813 413 3874 δοῦλος
433 3819 624 3869 καταλέλοιπεν
644 3815 679 3881 cpi
699 3814 768 3882 ciyc‘co
789 3816 834 3864 καὶ
853 3817 980 3885 μακαρίῳ
991 3813 1147 3886 Ἀθανασίῳ
1166 3822 1203 3888 cpi
1221 3820 1351 3892 μεγάλῳ,

317 3904 354 3963 oio
375 3903 470 3958 δὲκαὶ
491 3904 506 3968 ἡ
524 3905 647 3974 μακαρία
667 3899 748 3963 δούλη
767 3903 815 3952 τοῦ
835 3904 956 3967 Χριστοῦ
975 3901 1086 3968 Matrica
1105 3923 1157 3974 μοι
1179 3905 1270 3972 εἶπεν,
1307 3909 1353 3964 ὅτι

317 3996 412 4064 παρὰ
432 3995 490 4045 τοῦ
510 3991 616 4059 ἁγίου
635 3990 696 4038 καὶ
715 3991 895 4056 aepactae
916 3987 1050 4058 ἀνδρὸς
1071 3997 1264 4066 Μακαρίου
1291 3999 1352 4069 ἐμοὶ

317 4081 415 4149 ἔλαβον
433 4083 463 4132 τὸ
483 4076 588 4129 κώδιον
606 4077 696 4127 ἐκεῖνο
715 4092 738 4124 κ.
759 4091 781 4124 ι.
802 4076 825 4128 λ.
845 4073 925 4137 (llist.
948 4075 1024 4128 Laus.
1047 4078 1087 4134 ad.
1105 4080 1203 4133 Maura.
1226 4101 1286 4153 cap.
1310 4091 1349 4142 21

317 4183 342 4234 p.
362 4166 452 4234 410).
473 4165 524 4218 Ubi
544 4161 693 4214 sineduhio
713 4159 849 4226 legendum
870 4170 923 4214 est:
943 4166 1020 4234 nepti
1039 4173 1086 4218 rod
1106 4168 1187 4238 ἁγίου
1207 4177 1255 4225 καὶ
1275 4181 1353 4230 ,saun

315 4261 418 4327 μασίου
438 4253 542 4322 α’νιίρὰς
560 4251 739 4320 μακαρίου
756 4247 924 4302 Ἀθανασί
933 4271 972 4304 ου
991 4272 1016 4305 κ.
1031 4273 1053 4309 τ.
1072 4257 1097 4309 λ.
1139 4256 1255 4314 Codices
1278 4265 1351 4318 vin.

315 4343 483 4394 debonanses
496 4338 625 4389 ilistoriaa
641 4335 783 4386 lausiacae
801 4345 871 4388 recte
891 4339 1024 4392 scribunt:
1045 4343 1115 4416 dnae
1136 4348 1243 4404 asidona
1263 4355 1351 4415 αὐτὸς
