2990 4986
678 427 824 502 -58

250 641 311 688 non
332 627 477 712 eonveni3
499 644 578 690 anno
600 627 688 704 enim,
710 635 867 708 antequam
889 629 920 691 in
931 627 1123 694 solitudinem
1144 627 1349 710 ingrediebar,

158 751 165 762 ·
250 737 394 802 obierat.“
409 735 441 822 ¹)
484 737 578 820 Ergo,
599 738 718 818 quando
741 737 888 802 Palladius
905 738 1097 804 solitudinem
1119 739 1278 822 ingressus
1299 740 1348 820 sit,

250 849 415 928 quaeritur.
459 847 528 928 lpse
549 865 583 910 se
604 847 818 912 Alexandriam
847 850 969 912 venisse
998 849 1093 914 refert
1114 850 1248 914 secundo
1271 867 1349 912 oon-

250 958 350 1022 sulatu
383 957 543 1022 Theodosii
581 955 736 1040 magni2).
787 959 882 1032 Quem
912 958 1007 1040 gessit
1039 958 1237 1037 Theodosius,
1266 957 1350 1023 fastis

250 1068 457 1132 consularibus
483 1068 620 1147 testibus,
650 1067 768 1150 collega
793 1068 837 1132 111.
859 1068 1005 1150 cynegio,
1034 1086 1112 1131 anno
1133 1068 1203 1132 Chr.
1227 1066 1291 1132 388
1304 1068 1349 1152 ³).

249 1181 396 1244 Palladius
418 1180 455 1243 ab
477 1179 594 1244 Isidoro
616 1179 795 1242 xenodocho
816 1179 963 1243 Dorothei
985 1179 1077 1251 senis,
1103 1196 1198 1260 prope
1219 1179 1349 1242 Alexan-

249 1291 344 1354 driam
366 1291 536 1371 habitantis,
558 1291 733 1372 disciplinae
755 1291 883 1356 traditus
906 1300 962 1370 est,
990 1309 1079 1371 quam
1101 1309 1162 1352 non
1184 1297 1264 1354 totos
1286 1299 1350 1354 tres

249 1420 344 1468 annos
366 1401 518 1484 sustinuit,
539 1404 609 1484 quia
629 1404 660 1466 in
682 1403 820 1466 morbum
842 1405 1049 1467 vehementem
1071 1399 1232 1485 incidit⁴).
1277 1401 1350 1464 Tri-

248 1513 306 1576 bus
335 1531 411 1577 vero
444 1514 532 1578 annis
568 1515 599 1576 in
632 1513 840 1592 monasteriis,
875 1531 951 1594 quae
986 1513 1101 1576 cireum
1135 1511 1349 1576 Alexandriam

251 1632 349 1704 erant,
372 1625 553 1704 paraclisin
568 1632 701 1702 montem
711 1625 826 1690 Nitriae
848 1641 882 1688 se
905 1625 1041 1704 eontulit,
1063 1625 1116 1688 ubi
1136 1643 1246 1688 annum
1267 1624 1350 1711 inte·

249 1753 338 1818 grum
360 1735 452 1818 degit.
484 1737 558 1800 Turn
576 1737 694 1800 demum
722 1738 754 1798 in
776 1733 922 1798 intimum
943 1731 1158 1815 solitudinem,
1185 1753 1243 1816 qua
1258 1735 1350 1798 Gellia

248 1864 305 1910 seu
326 1847 457 1912 Celluloe
479 1845 742 1932 significantur⁵),
765 1849 848 1911 venit
859 1845 901 1931 ⁶).
945 1847 1040 1930 Ergo,
1062 1865 1134 1909 nurn
1155 1846 1234 1910 inter
1255 1847 1349 1910 Palla·

249 1958 290 2022 dii
311 1959 471 2024 adventum
499 1961 530 2022 in
552 1968 682 2022 montem
708 1967 748 2024 et
767 1959 799 2020 in
820 1958 1011 2022 solitudinem
1032 1957 1278 2040 distinguendum
1300 1958 1349 2036 sit,

248 2073 413 2152 quaeritur.
458 2071 604 2134 Palladius
619 2071 658 2134 de
677 2071 859 2134 habitatione
878 2087 933 2134 sun
955 2067 990 2130 in
1011 2073 1115 2130 monte
1137 2087 1227 2149 saepe
1248 2068 1350 2149 loqui-

248 2191 346 2254 turo.
389 2181 553 2246 Nathanael
582 2199 686 2244 senem
716 2181 827 2245 obiisse
849 2189 952 2244 narret
973 2179 1143 2260 quindecim
1165 2197 1259 2244 annos
1280 2187 1350 2244 anta

137 2323 140 2342 ·
249 2309 337 2355 suum
370 2292 531 2354 adventurn
565 2292 597 2354 in
631 2299 732 2355 monte
747 2287 791 2374 ⁸).
843 2290 1016 2372 Euagriurn‚
1047 2289 1078 2352 in
1107 2297 1208 2353 monte
1236 2289 1351 2352 Nitriae

248 2419 339 2482 quum
361 2401 525 2472 babitasset
545 2402 709 2482 biennium,
732 2402 823 2468 tertio
851 2419 930 2465 enno
959 2401 1132 2483 ingressum
1164 2417 1233 2464 esse
1260 2399 1352 2464 tradit

248 2511 491 2598 solitudinem).
537 2514 622 2578 Unde
652 2516 733 2579 inter
755 2515 916 2578 adventum
945 2513 977 2576 in
1006 2523 1107 2578 monte
1136 2523 1166 2577 et
1189 2513 1353 2577 adventurn

248 2626 279 2687 in
300 2627 461 2690 solitudine
483 2625 630 2690 Palladius
651 2627 717 2708 ipse
738 2627 927 2708 distinguere
948 2625 1077 2689 videtur.
1123 2623 1210 2700 Quod
1231 2623 1353 2686 bollan-

250 2737 305 2800 dus
327 2738 429 2803 statuit
441 2735 499 2821 ι0),
522 2738 729 2804 Tillemonlius
751 2738 783 2800 in
804 2738 944 2818 ambiguo
959 2737 1134 2817 relinquere
1155 2735 1275 2798 videtur
1288 2730 1346 2816 ¹¹).

248 2846 295 2910 Ao
327 2847 503 2911 Bollendum
531 2849 628 2912 seouti
667 2857 738 2912 sunt
772 2849 888 2914 Caveus
900 2845 958 2930 ¹²),
991 2843 1202 2928 Possinus¹³),
1238 2844 1347 2908 Fabri-

280 3083 307 3150 1)
329 3082 412 3148 Supra
431 3097 456 3148 p.
477 3079 524 3136 41.

276 3171 305 3236 2)
331 3171 397 3226 llist.
416 3171 492 3227 Laus.
513 3173 555 3230 ed.
575 3173 669 3230 Maura.
689 3189 745 3241 cap.
769 3177 793 3234 1.
833 3173 901 3243 Opp.
922 3175 1016 3240 Maura.
1037 3174 1093 3232 1,1.
1114 3189 1140 3242 p.
1161 3167 1228 3228 348.

277 3261 307 3330 3)
328 3260 369 3313 Ab
394 3260 546 3314 Almeloven
578 3263 649 3315 Fasti
674 3264 747 3321 Rom.
774 3261 880 3316 Consul.
910 3265 943 3316 ad
980 3281 1040 3320 ann.
1070 3261 1131 3316 cnr.
1161 3261 1217 3318 388
1248 3259 1290 3317 ed.
1321 3263 1348 3314 11

327 3349 468 3407 Amstelod.
492 3347 564 3406 1740
585 3367 610 3420 p.
636 3353 689 3406 166
710 3353 819 3405 Relandi
840 3353 908 3406 Fasti
931 3353 1039 3410 Consul.
1066 3353 1099 3404 ad
1126 3339 1185 3410 ann.
1205 3346 1268 3403 chr.
1290 3350 1348 3404 388

328 3437 396 3490 Trai.
416 3438 473 3496 Bet.
496 3441 568 3496 1115
595 3437 706 3507 11493.
745 3441 807 3494 Tab.
829 3441 986 3510 chronolog.
1009 3450 1076 3500 anet.
1102 3441 1135 3494 de
1161 3438 1297 3493 Gravason
1322 3441 1351 3494 iu

328 3529 383 3580 eius
404 3529 470 3584 Hist.
491 3529 555 3582 aeni.
577 3529 619 3581 ed.
641 3531 722 3582 blansi
744 3529 771 3582 T.
794 3531 831 3583 ix
851 3532 956 3597 (Venet.
979 3531 1067 3597 1761)
1089 3547 1114 3598 p.
1134 3527 1182 3593 84,
1202 3531 1231 3582 2.

331 3603 395 3661 Hist.
415 3605 492 3658 Laus.
515 3607 556 3663 ed.
577 3609 672 3659 Maura.
695 3622 751 3674 cap.
774 3611 792 3662 2
813 3607 880 3676 Opp.
903 3610 997 3666 Meurs.
1017 3609 1035 3665 l.
1055 3608 1073 3666 1.
1093 3623 1118 3675 p.
1140 3604 1205 3666 349.

329 3693 397 3746 ibid.
419 3710 474 3762 cup.
496 3697 530 3750 21
554 3694 619 3764 Opp.
641 3697 734 3750 Meurs.
756 3697 772 3748 1.
794 3697 811 3755 l.
832 3713 858 3765 p.
881 3697 947 3756 396.

278 3600 296 3656 4

279 3695 295 3747 5

277 3785 294 3838 6
329 3783 396 3836 1616.
419 3799 476 3850 cap.
498 3785 515 3838 8
537 3783 604 3852 Opp.
624 3787 720 3838 Meurs.
742 3786 760 3838 1.
782 3787 801 3838 1.
823 3803 848 3855 p.
871 3787 935 3844 360.
957 3789 1021 3846 361.

327 3962 395 4014 lbid.
417 3979 475 4029 cap.
498 3965 533 4018 21
556 3961 623 4030 Opp.
645 3965 739 4016 Meurs.
761 3964 779 4022 1.
798 3965 817 4022 1.
838 3981 863 4032 p.
885 3945 962 4022 385.

293 4054 306 4119 )
329 4052 396 4104 lbid.
418 4067 475 4118 oap.
497 4051 534 4105 88
556 4050 623 4119 Opp.
645 4053 741 4112 Maura.
760 4053 777 4110 1.
797 4053 815 4111 l.
835 4069 860 4120 p.
882 4055 947 4108 553.

277 3875 292 3928 7

275 3963 293 4016 8

276 4053 292 4105 9

259 4140 756 4208 mmmumwmm

260 4232 292 4282 11
327 4230 385 4282 Not.
408 4233 423 4285 7
445 4231 479 4282 de
499 4232 590 4282 Macar.
613 4231 679 4298 Aeg.
701 4232 837 4282 hidmoires
857 4233 986 4290 ed.Brux.
1007 4231 1035 4289 T.
1047 4229 1109 4286 11111
1119 4229 1148 4284 Ρ.
1164 4227 1202 4282 111
1222 4244 1249 4297 p.
1268 4225 1355 4284 1423.

255 4320 294 4374 ,12
330 4319 396 4372 Hist.
418 4319 467 4372 litt.
490 4335 512 4374 s.
533 4335 559 4371 v.
582 4321 721 4372 Maeonius
740 4321 837 4371 sanior.

262 4409 309 4474 13)
331 4408 405 4465 Thes.
425 4409 512 4466 Ascei.
532 4407 620 4464 Telos.
642 4408 725 4462 1683.
748 4407 850 4477 Proleg.
873 4411 900 4472 S.
924 4411 959 4461 V.

296 3605 308 3669 l

296 3695 309 3761 )

296 3785 309 3854 >

295 3872 745 3942 >mmmmmmm

294 4143 306 4208 )

295 4231 307 4295 l

294 4319 308 4383 )
