2974 4964
653 341 924 416 -110-

230 547 417 630 nudamur
439 541 584 626 patribus,
605 542 656 623 qui
678 541 719 604 ibi
742 539 796 626 [ln
817 537 962 624 Gallulis)
983 548 1078 616 orant,
1107 539 1189 624 quod
1218 540 1250 604 in
1277 539 1339 606 illis

235 660 311 724 locis
332 657 393 720 duo
414 653 539 720 Macaril
559 653 646 735 quasi
667 653 727 716 duo
750 653 825 716 caeli
846 653 958 718 lumina
979 651 1179 730 refulsissent,
1205 669 1245 716 ex
1267 652 1341 732 qui-

236 771 295 834 bus
322 785 401 832 unus
423 765 593 848 Aegyptius
626 779 741 848 genere
769 773 801 830 et
827 761 992 846 discipulus
1023 761 1103 830 beati
1124 763 1250 830 Antonii
1272 762 1341 842 fuit,

237 880 314 943 alius
335 875 567 942 Alexandrinus.
612 875 733 950 Quibus
750 883 783 940 ut
804 875 950 939 uocabula
978 873 1117 953 nominis,
1146 875 1188 939 ita
1210 876 1341 940 virtutes

237 989 328 1052 animi
349 997 380 1052 et
403 985 576 1049 caelestium
595 987 759 1068 gratiarum
776 985 994 1068 magnificentia
1008 985 1220 1049 concordabat.
1243 985 1341 1050 Uter-

236 1115 295 1178 que
322 1096 401 1159 enim
429 1095 587 1173 Macarius,
616 1102 745 1176 uterque
771 1093 968 1158 abstinentiae
995 1095 1149 1159 exercitiis
1178 1105 1209 1160 et
1234 1097 1340 1178 uirtu-

237 1207 316 1272 tibus
336 1208 427 1270 animi
448 1205 612 1286 acqualiter
629 1205 760 1286 pollens3
783 1206 841 1268 hoc
853 1205 918 1270 solo
941 1205 1016 1268 alius
1036 1205 1235 1286 praecellens,
1257 1207 1341 1288 quod

238 1319 324 1400 quasi
356 1317 570 1382 haereditatem
591 1317 758 1400 gratiarum
787 1323 819 1382 et
846 1317 990 1382 virtutum
1011 1315 1092 1380 beati
1112 1316 1236 1381 Antonii
1263 1325 1338 1398 pos·-

237 1427 382 1491 sidebat.“

250 1545 253 1552 ⁴
324 1537 370 1600 En
392 1536 556 1600 biccarium
578 1536 761 1619 Aegyptium
790 1537 914 1603 Antonii
941 1537 1043 1621 magni
1070 1537 1249 1619 discipulum
1270 1540 1341 1602 vir-

239 1655 399 1728 tutumque
420 1649 486 1712 eius
508 1649 593 1729 quasi
613 1647 789 1712 haeredeml
812 1651 908 1724 Quam
929 1667 995 1712 rem
1016 1657 1174 1730 numquam
1194 1647 1342 1730 expedia-

238 1775 315 1838 mus‚
337 1759 464 1841 reliqua,
486 1743 563 1840 quaa
585 1761 623 1824 de
639 1759 770 1824 blacerio
780 1759 932 1844 Aegyptio
954 1759 985 1826 in
1005 1761 1083 1826 libro
1106 1761 1241 1825 secundo
1263 1757 1342 1824 sub·-

236 1869 414 1950 iunguntur,
437 1869 608 1934 audiamus:

328 1978 423 2057 „Hinc
455 1980 584 2060 denique
615 1979 718 2045 ferunt
751 1981 920 2062 aliquando,
953 1999 1045 2062 quum
1078 1981 1272 2046 homicidium
1309 1979 1341 2043 in

237 2087 314 2152 focis
336 2090 443 2154 uicinis
464 2090 572 2155 fuisset
593 2091 754 2154 admissum
780 2099 811 2156 et
838 2093 991 2157 innocenti
1013 2093 1129 2156 cuidam
1150 2093 1342 2176 impingere-

238 2205 289 2262 tur
310 2201 424 2264 crimen
445 2203 575 2282 admissi‚
606 2201 780 2284 confugisse
798 2201 836 2266 ad
858 2203 923 2268 eius
947 2203 1084 2274 cellulam
1106 2223 1186 2284 eum,
1209 2205 1261 2284 qui
1285 2222 1341 2266 oa-

239 2308 380 2374 lumniam
411 2311 585 2394 patiebatur.
641 2309 785 2376 Adfuisse
824 2314 912 2377 etiam
951 2295 1005 2378 eos
1040 2313 1092 2394 qui
1126 2313 1343 2396 ¹perurgebant

239 2418 406 2502 allegantes
428 2428 459 2484 et
481 2420 626 2502 dicentes,
648 2421 813 2502 periclitari
833 2439 867 2486 se
889 2422 980 2503 ipsos,
1010 2423 1066 2490 nisi
1089 2423 1343 2504 comprehensum

238 2528 358 2612 legibus
381 2530 535 2595 traderent
548 2531 737 2600 homicidam.
756 2545 760 2550 '
782 2530 811 2598 ls
833 2549 920 2612 vero,
942 2535 992 2596 cui
1014 2535 1129 2598 crimen
1148 2533 1343 2618 impingeba-

241 2647 303 2719 tur,
324 2657 393 2702 cum
415 2641 610 2706 sacramentis
632 2641 806 2722 affirmabat,
833 2645 987 2707 conscium
1017 2659 1051 2708 se
1077 2661 1139 2708 non
1168 2661 1239 2708 esse
1268 2651 1344 2708 san-

239 2751 339 2832 guinis
361 2751 451 2816 illius.
474 2751 512 2815 Et
533 2771 601 2816 oum
623 2753 675 2820 diu
696 2755 734 2816 ab
757 2763 884 2834 utraque
900 2763 984 2836 parte
1001 2756 1344 2833 certamenhaberetur,

238 2859 445 2941 interrogabat
460 2863 751 2942 sauctusllfacarius‚
774 2865 826 2928 ubi
848 2865 982 2946 sepultus
1005 2875 1086 2932 esset
1110 2867 1162 2947 qui
1185 2866 1345 2930 dicebatur

239 2965 368 3030 occisus.
413 2969 547 3049 Cumque
569 2971 778 3054 designassent
797 2973 907 3054 locum,
937 2993 1005 3038 curn
1033 2977 1185 3054 omnibus,
1220 2977 1273 3057 qui
1307 2975 1346 3038 ad

240 3077 466 3156 perurgendum
482 3079 638 3143 bominem
656 3093 813 3164 venerant,
835 3085 936 3169 pergit
957 3084 994 3150 ad
1016 3087 1221 3169 sepulchrum,
1252 3095 1347 3166 atque

240 3185 283 3248 ibi
303 3185 371 3248 lixis
392 3189 532 3268 genibus,
554 3191 695 3256 invocato
705 3193 815 3260 Christi
836 3195 968 3278 nomino,
990 3199 1031 3262 ait
1048 3199 1163 3278 adens,
1186 3196 1239 3278 qui
1260 3205 1347 3262 asta-

241 3293 326 3358 baut:
348 3295 435 3360 Nunc
456 3299 601 3367 Dominus
623 3305 771 3386 ostendat,
800 3307 826 3370 si
847 3326 921 3372 vere
942 3327 1014 3374 reus
1036 3319 1084 3376 est
1104 3311 1165 3390 bic,
1194 3309 1246 3390 quui
1267 3325 1348 3389 per-

241 3413 370 3482 urgetur
391 3425 408 3469 a
430 3411 546 3476 vobis·
570 3413 609 3478 Et
630 3414 854 3480 desuetam
888 3433 928 3482 ex
954 3419 1075 3483 nomine
1097 3419 1206 3484 clamat
1228 3418 1347 3484 defun-

242 3521 332 3576 ctum.
376 3515 509 3600 Cumque
529 3523 619 3602 eide
640 3524 803 3604 sepulchro
825 3537 950 3592 vocabis
982 3532 1202 3612 respondisset
1229 3531 1277 3594 ait
1308 3529 1349 3592 ad

241 3639 326 3685 eum:
351 3624 408 3688 Per
429 3628 517 3692 fidem
529 3631 641 3698 Christi
659 3644 689 3700 te
707 3637 854 3718 obtestor,
876 3649 909 3704 at
923 3639 1017 3720 dicus,
1039 3641 1066 3705 si
1084 3642 1121 3704 ab
1136 3641 1195 3705 hoc
1208 3641 1348 3722 homine,

240 3733 294 3816 qui
316 3733 492 3800 calumniam
513 3742 640 3822 patitur,
670 3746 790 3808 occisus
818 3741 891 3832 esa
923 3749 1007 3812 'func
1035 3750 1089 3815 ille
1117 3751 1156 3815 de
1179 3751 1349 3833 sepulchro

241 3843 322 3907 clara
345 3863 420 3910 voce
441 3850 597 3929 respondit
618 3852 737 3916 dicens:
768 3874 829 3919 non
846 3861 893 3922 'se
922 3877 991 3924 esse
1015 3862 1051 3924 ab
1074 3879 1118 3925 eo·
1135 3863 1349 3929 interfectum.

240 3954 278 4018 lit
299 3971 368 4018 curn
390 3957 588 4038 obstupefacti
615 3979 720 4030 omnes
748 3963 929 4034 decidissent
960 3970 996 4032 sd
1019 3979 1134 4038 temam
1157 3989 1193 4035 ac
1217 3972 1350 4054 pedibas

243 4059 306 4122 eius
334 4063 581 4148 advolverentur,
608 4087 720 4152 rogare
747 4085 921 4170 coeperunt,
957 4087 999 4144 ut.
1021 4079 1230 4164 interrogaret
1265 4102 1352 4168 eum,

244 4185 261 4229 a
282 4187 341 4248 quo
363 4185 444 4240 esset
465 4179 592 4242 occisus.
619 4179 703 4241 'lunc
725 4181 790 4243 ille:
817 4183 892 4266 Huc,
914 4187 1020 4270 inquit,
1043 4209 1106 4274 non
1127 4194 1331 4278 interrogabo
1338 4216 1350 4272 ;

244 4275 351 4342 suflicit
373 4283 451 4346 anim
473 4287 554 4366 mibi,
576 4296 610 4351 ut
626 4289 771 4356 innocens
788 4291 934 4360 liberetur
941 4316 951 4373 ;
973 4317 1035 4363 non
1050 4312 1221 4370 astantem
1233 4319 1351 4388 meum,
