2974 4964
593 358 835 436 „89-

161 559 275 628 invenit
288 557 330 644 ¹),
359 559 390 628 itt
419 557 551 652 indolem
583 558 652 622 libri
682 557 807 622 secundi
837 558 1016 626 narrationis
1044 557 1105 624 vim
1133 527 1260 641 ettqn'am

160 671 307 738 exercuit.

245 782 295 846 tto
324 780 462 844 ordinem
484 777 604 859 deinde,
626 797 685 860 quo
708 780 896 844 narrationes
917 777 947 842 in
970 777 1058 844 editis
1079 781 1262 860 exemplari-

159 893 217 956 bus
239 909 273 956 se
288 891 450 971 excipiunt,
472 889 552 969 quod
574 889 690 968 attinet,
712 889 872 952 Paradisus
894 897 924 952 et
945 891 1047 954 versio
1069 891 1187 970 antiqua
1209 909 1261 956 ras

159 1003 268 1066 eodem
289 999 408 1078 ordine,
430 1015 488 1079 quo
511 998 632 1062 codices
653 998 914 1078 vindobonenses,
947 1008 1086 1076 narrant;
1116 1000 1208 1066 altera
1229 1002 1260 1064 in

158 1114 219 1176 boc
241 1111 307 1176 solo
331 1110 488 1190 discrepat,
511 1108 591 1189 quod
613 1107 697 1188 illud,
727 1110 890 1176 Macarium
912 1110 970 1172 sibi
990 1111 1194 1190 proposuisse,
1227 1121 1261 1178 ut

160 1201 299 1302 quinque
316 1221 419 1284 diebus
441 1221 472 1284 in
502 1219 568 1284 solo
590 1219 654 1283 Deo
677 1229 806 1284 mentem
832 1219 988 1302 defigeret,
1012 1219 1121 1286 omisit.
1164 1221 1260 1306 Magis

156 1341 260 1398 autem
281 1349 298 1394 a
319 1330 471 1394 codicibus
498 1329 640 1393 differunt
672 1347 801 1412 graecae
831 1329 979 1394 editiones
1001 1337 1032 1392 et
1053 1328 1260 1409 interpretatio

157 1445 292 1534 Herveti.
316 1440 350 1509 ln
362 1445 470 1524 quibus
482 1445 520 1508 ab
542 1445 627 1510 initio
638 1445 742 1526 capitis
758 1453 886 1526 quatuor
908 1445 1109 1523 narrationes,
1131 1463 1209 1526 quae
1228 1443 1259 1506 in

158 1555 312 1620 codicibus
334 1555 454 1635 desunt,
476 1555 683 1636 inveniuntur,
705 1564 794 1636 atque
816 1556 959 1620 cellarum
980 1555 1106 1618 biaoarii·
1131 1572 1259 1618 enume-

157 1667 235 1728 ratio
258 1666 445 1750 virginisque
467 1667 680 1734 Tbsssalcnica
702 1668 846 1731 oriundae
873 1665 987 1732 sanatio
1010 1675 1078 1748 post
1104 1663 1259 1730 historiam

157 1775 284 1840 infelicis
307 1778 484 1858 sacerdotis,
506 1780 558 1862 qui
579 1778 732 1842 fornicans
753 1798 839 1843 sacra
860 1780 986 1858 obierat,
1008 1777 1160 1860 leguntur.
1250 1801 1251 1808 ¹

243 1886 294 1950 Ad
320 1905 371 1950 res
398 1889 528 1967 denique
559 1890 638 1969 quod
668 1899 791 1970 spectat,
825 1908 923 1965 causa,
940 1908 1012 1952 cur
1032 1887 1182 1952 Macarius
1203 1904 1259 1950 sex

158 2015 279 2074 mensas
300 1997 399 2062 nudus
421 2000 452 2061 in
475 1999 583 2079 palude
604 2000 701 2065 Sectis
722 2001 845 2078 sederit,
866 2000 897 2064 in
920 2000 1045 2064 Herveti
1066 2007 1097 2060 et
1125 1997 1156 2058 in
1178 1997 1258 2058 anti-

157 2127 218 2190 qua
238 2109 379 2195 versione
401 2129 462 2172 non
484 2112 590 2176 culicis
612 2111 708 2192 elisio,
730 2113 785 2175 sed
804 2113 927 2193 spiritns
950 2109 1155 2174 fornicationis
1177 2106 1258 2170 iodi-

155 2227 252 2282 eatnr.
277 2219 310 2282 br
333 2220 440 2300 quibus
462 2221 537 2284 baec
557 2221 653 2306 legis:
679 2223 735 2302 ,Ei
757 2223 914 2304 aliquando
937 2222 1102 2286 molestiam
1124 2217 1258 2284 exhibuit

154 2331 280 2412 'spiritus
303 2329 508 2396 fornicationis
531 2339 562 2396 et
584 2342 657 2400 tunc
677 2334 890 2400 condemnavit
912 2333 1043 2416 seipsum
1066 2331 1175 2396 sedere
1196 2348 1257 2392 nu-

156 2439 226 2501 dum
255 2458 312 2504 sex
339 2459 460 2506 menses
488 2443 519 2505 in
550 2443 658 2524 palude
688 2444 816 2508 Sectis.
842 2446 956 2523 ..“²).
1008 2444 1103 2518 mam
1136 2455 1257 2502 causam

154 2549 259 2614 ielsam
288 2569 358 2615 esse
392 2553 532 2616 existimo
565 2553 692 2616 atinde
727 2553 837 2632 fictam,
870 2553 951 2632 quod
979 2552 1046 2614 talis
1075 2567 1172 2630 poena
1201 2547 1258 2612 soti

157 2661 266 2727 ultioni
288 2661 393 2723 culicis
414 2661 576 2744 pungentis
598 2681 659 2725 non
682 2681 817 2744 congrua
839 2663 905 2724 visa
927 2663 974 2726 sit.
1007 2661 1116 2724 Versic
1133 2659 1258 2724 Herveti

155 2771 290 2836 Macerio
320 2780 450 2851 quatuor
477 2773 581 2836 tribuit
614 2773 737 2837 cellulas
772 2775 803 2836 in
831 2772 932 2852 Scete,
965 2772 1069 2854 Libya,
1097 2771 1196 2854 cottiis
1226 2779 1256 2836 et

154 2889 258 2944 monte
278 2881 395 2945 Nitriae
415 2883 499 2946 sitas.
544 2883 603 2947 Sed
625 2883 717 2946 Gellia
745 2885 782 2946 ad
802 2883 925 2968 Libyam
953 2883 1172 2962 pertinuerunt,
1197 2901 1256 2946 ne-

155 3010 216 3072 que
237 2990 358 3054 codices
381 3011 480 3074 neque
503 2991 650 3056 editiones
672 3003 850 3074 ceteraeque
878 2994 1036 3058 versiones
1065 2993 1131 3074 plus
1158 2992 1255 3058 tribus

154 3102 277 3166 tineent
298 3102 382 3164 cellis
403 3113 525 3168 norunt
569 3101 701 3184 Antiqua
727 3104 835 3168 versio
864 3103 1053 3180 nonhabet,
1082 3102 1255 3182 biaoariam,

153 3231 246 3294 quum
274 3213 504 3294 cogitationibus
534 3233 629 3276 vanae
657 3214 774 3296 gloriae
801 3223 976 3293 vexaretur,
1003 3232 1095 3276 arena
1122 3213 1255 3278 humeris

153 3322 291 3402 imposita
319 3341 454 3386 eremum
482 3325 663 3404 pervasisse,
692 3325 763 3387 sed:
797 3325 865 3404 ,Sic
898 3343 986 3407 ergo,
1023 3325 1130 3404 inquit,
1164 3325 1254 3388 iacuit

152 3433 309 3512 usquead
340 3451 523 3518 vesperam5
552 3431 898 3514 postmodumsurrexit
919 3434 956 3498 ad
978 3441 1155 3498 consuetum
1178 3449 1254 3514 opus

152 3543 273 3606 Domini
287 3541 348 3627 Ψ
373 3545 508 3625 Denique
529 3546 560 3607 in
571 3545 696 3610 Herveti
710 3556 741 3610 et
759 3547 790 3608 in
801 3546 920 3625 antiqua
933 3549 1085 3624 versione,
1096 3555 1254 3625 postquam

152 3661 308 3718 narratum
330 3664 386 3736 est,
408 3656 571 3720 daemones
593 3673 610 3718 e
629 3639 822 3720 monumento
837 3655 951 3736 ,danne
966 3665 997 3720 et
1011 3655 1163 3718 Mambre“
1188 3654 1252 3716 ma-

152 3783 263 3849 gorum
285 3785 428 3852 egressos
450 3786 467 3830 s
488 3767 619 3830 Macerio
642 3767 765 3850 fugatos
785 3787 863 3848 esse,
886 3767 960 3832 baec
983 3768 1146 3831 adduntur:
1179 3766 1252 3846 ,ln-
1360 3811 1362 3816 .

140 3877 311 3958 qredteme
332 3887 432 3944 autem
454 3895 492 3942 eo
514 3875 697 3962 (Manno)-
719 3879 754 3946 in
780 3879 949 3960 paradisum
978 3878 1008 3942 ei
1029 3877 1163 3941 occurrit
1184 3875 1251 3936 dia-

182 4058 208 4127 1)
230 4058 284 4110 VV.
299 4057 550 4116 tr.ttosw.ttb.v1
567 4059 648 4118 ttbett.
660 4063 687 4125 ὃ,
709 4058 735 4123 4,
754 4061 974 4131 Αρορὴιὴομσ.
984 4076 1009 4110 v.
1017 4054 1251 4124 MacariusAepp-

228 4149 298 4216 ptius
306 4149 331 4210 ς.
339 4151 374 4199 It.
387 4145 497 4205 coteler.
505 4149 575 4202 bion.
585 4149 657 4202 Eeci.
669 4149 758 4204 Graec.
770 4151 799 4204 T.
810 4151 856 4218 lp.
867 4150 922 4206 526
931 4163 987 4218 sqq.
1008 4144 1048 4200 Gi.
1058 4139 1193 4210 innacap.
1207 4146 1250 4203 VI.

119 4233 778 4304 ,mmmmmmmmm

178 4321 208 4390 3)
229 4319 292 4392 Gap.
315 4324 349 4380 td
369 4325 423 4379 VV.
446 4325 496 4380 PP.
518 4327 606 4383 Rosw.
626 4341 651 4395 p.
673 4327 739 4391 993,
761 4331 787 4380 2.
